
<record>
  <leader>02457cas a2200541 i 4500</leader>
  <controlfield tag="001">18336641</controlfield>
  <controlfield tag="005">20200101075702.0</controlfield>
  <controlfield tag="006">m     o  d        </controlfield>
  <controlfield tag="007">cr mn|||||||||</controlfield>
  <controlfield tag="008">141016c20099999gw qr pso     0   a0eng  </controlfield>
  <datafield tag="010" ind1=" " ind2=" ">
    <subfield code="a">  2015207464</subfield>
  </datafield>
  <datafield tag="022" ind1=" " ind2=" ">
    <subfield code="a">2198-9613</subfield>
    <subfield code="l">2198-9605</subfield>
    <subfield code="2">6</subfield>
  </datafield>
  <datafield tag="035" ind1=" " ind2=" ">
    <subfield code="a">(OCoLC)ocn739468151</subfield>
  </datafield>
  <datafield tag="040" ind1=" " ind2=" ">
    <subfield code="a">HUA</subfield>
    <subfield code="b">eng</subfield>
    <subfield code="e">rda</subfield>
    <subfield code="e">pn</subfield>
    <subfield code="c">HUA</subfield>
    <subfield code="d">OCLCQ</subfield>
    <subfield code="d">OCLCO</subfield>
    <subfield code="d">OCLCF</subfield>
    <subfield code="d">DLC</subfield>
    <subfield code="d">IUL</subfield>
  </datafield>
  <datafield tag="042" ind1=" " ind2=" ">
    <subfield code="a">pcc</subfield>
  </datafield>
  <datafield tag="050" ind1="0" ind2="0">
    <subfield code="a">P99</subfield>
  </datafield>
  <datafield tag="066" ind1=" " ind2=" ">
    <subfield code="c">$1</subfield>
  </datafield>
  <datafield tag="222" ind1=" " ind2="0">
    <subfield code="a">Chinese semiotic studies</subfield>
    <subfield code="b">(Online)</subfield>
  </datafield>
  <datafield tag="245" ind1="0" ind2="0">
    <subfield code="6">880-01</subfield>
    <subfield code="a">Chinese semiotic studies =</subfield>
    <subfield code="b">Zhongguo fu hao xue yan jiu.</subfield>
  </datafield>
  <datafield tag="246" ind1="3" ind2="1">
    <subfield code="6">880-02</subfield>
    <subfield code="a">Zhongguo fu hao xue yan jiu</subfield>
  </datafield>
  <datafield tag="246" ind1="1" ind2="3">
    <subfield code="a">CSS</subfield>
  </datafield>
  <datafield tag="264" ind1=" " ind2="1">
    <subfield code="a">[Nanjing] :</subfield>
    <subfield code="b">Nanjing Normal University Press</subfield>
  </datafield>
  <datafield tag="264" ind1="3" ind2="1">
    <subfield code="3">&lt;2011-&gt; :</subfield>
    <subfield code="a">Berlin, Germany :</subfield>
    <subfield code="b">De Gruyter Mouton</subfield>
  </datafield>
  <datafield tag="310" ind1=" " ind2=" ">
    <subfield code="a">Quarterly</subfield>
  </datafield>
  <datafield tag="336" ind1=" " ind2=" ">
    <subfield code="a">text</subfield>
    <subfield code="b">txt</subfield>
    <subfield code="2">rdacontent</subfield>
  </datafield>
  <datafield tag="337" ind1=" " ind2=" ">
    <subfield code="a">computer</subfield>
    <subfield code="b">c</subfield>
    <subfield code="2">rdamedia</subfield>
  </datafield>
  <datafield tag="338" ind1=" " ind2=" ">
    <subfield code="a">online resource</subfield>
    <subfield code="b">cr</subfield>
    <subfield code="2">rdacarrier</subfield>
  </datafield>
  <datafield tag="362" ind1="1" ind2=" ">
    <subfield code="a">Began with vol. 1 (Jun 2009).</subfield>
  </datafield>
  <datafield tag="550" ind1=" " ind2=" ">
    <subfield code="a">&quot;An official publication of the International Semiotic Research Institute of Nanjing Normal University and the Chinese Semiotic Research Center of the Chinese Association of Linguistic Semiotics.&quot;</subfield>
  </datafield>
  <datafield tag="588" ind1=" " ind2=" ">
    <subfield code="a">Description based on: Vol. 2 (Aug 2009).</subfield>
  </datafield>
  <datafield tag="588" ind1=" " ind2=" ">
    <subfield code="a">Latest issue consulted: Volume 11, issue 3 (August 2015) Degruyter website (viewed August 28, 2015).</subfield>
  </datafield>
  <datafield tag="533" ind1=" " ind2=" ">
    <subfield code="a">Electronic reproduction.</subfield>
    <subfield code="b">Beijing :</subfield>
    <subfield code="c">Apabi,</subfield>
    <subfield code="d">2011.</subfield>
    <subfield code="n">System requirements: Apabi Reader.</subfield>
    <subfield code="n">Available via World Wide Web.</subfield>
  </datafield>
  <datafield tag="650" ind1=" " ind2="0">
    <subfield code="a">Semiotics</subfield>
    <subfield code="v">Periodicals.</subfield>
  </datafield>
  <datafield tag="650" ind1=" " ind2="7">
    <subfield code="a">Semiotics.</subfield>
    <subfield code="2">fast</subfield>
    <subfield code="0">(OCoLC)fst01112351</subfield>
  </datafield>
  <datafield tag="655" ind1=" " ind2="7">
    <subfield code="a">Periodicals.</subfield>
    <subfield code="2">fast</subfield>
    <subfield code="0">(OCoLC)fst01411641</subfield>
  </datafield>
  <datafield tag="710" ind1="2" ind2=" ">
    <subfield code="a">Guo ji fu hao xue yan jiu suo (Nanjing shi fan da xue),</subfield>
    <subfield code="e">issuing body.</subfield>
  </datafield>
  <datafield tag="710" ind1="2" ind2=" ">
    <subfield code="a">Zhongguo fu hao xue yan jiu zhong xin,</subfield>
    <subfield code="e">issuing body.</subfield>
  </datafield>
  <datafield tag="773" ind1="0" ind2=" ">
    <subfield code="t">Apabi e-book.</subfield>
  </datafield>
  <datafield tag="776" ind1="0" ind2="8">
    <subfield code="i">Print version:</subfield>
    <subfield code="t">Chinese semiotic studies</subfield>
    <subfield code="x">2198-9605</subfield>
    <subfield code="w">(DLC)  2012211131</subfield>
    <subfield code="w">(OCoLC)653037190</subfield>
  </datafield>
  <datafield tag="850" ind1=" " ind2=" ">
    <subfield code="a">DLC</subfield>
  </datafield>
  <datafield tag="859" ind1="4" ind2="0">
    <subfield code="u">http://www.degruyter.com/view/j/css</subfield>
  </datafield>
  <datafield tag="859" ind1="4" ind2="0">
    <subfield code="u">http://eproxy.lib.hku.hk/login?url=http://julaccdc.lib.apabi.com/product.asp?docid=103865</subfield>
    <subfield code="x">74</subfield>
    <subfield code="z">Click to view v.2 via Apabi e-book</subfield>
  </datafield>
  <datafield tag="880" ind1="0" ind2="0">
    <subfield code="6">245-01/$1</subfield>
    <subfield code="a">Chinese semiotic studies =</subfield>
    <subfield code="b">中国符号学研究.</subfield>
  </datafield>
  <datafield tag="880" ind1="3" ind2="1">
    <subfield code="6">246-02/$1</subfield>
    <subfield code="a">中国符号学研究</subfield>
  </datafield>
  <datafield tag="906" ind1=" " ind2=" ">
    <subfield code="a">7</subfield>
    <subfield code="b">cbc</subfield>
    <subfield code="c">serasst</subfield>
    <subfield code="d">2</subfield>
    <subfield code="e">ncip</subfield>
    <subfield code="f">20</subfield>
    <subfield code="g">n-oclcserc</subfield>
  </datafield>
  <datafield tag="925" ind1="0" ind2=" ">
    <subfield code="a">Acquire</subfield>
    <subfield code="e">edeposit</subfield>
    <subfield code="x">policy default</subfield>
  </datafield>
  <datafield tag="955" ind1=" " ind2=" ">
    <subfield code="b">rj07 2014-10-16</subfield>
    <subfield code="i">rj18 2015-08-28</subfield>
  </datafield>
  <datafield tag="985" ind1=" " ind2=" ">
    <subfield code="d">20141112</subfield>
    <subfield code="e">edeposit SR11866231616</subfield>
  </datafield>
</record>