
<record>
  <leader>04959cas a2200793 i 4500</leader>
  <controlfield tag="001">19369861</controlfield>
  <controlfield tag="005">20200101075705.0</controlfield>
  <controlfield tag="006">m     o  d        </controlfield>
  <controlfield tag="007">cr |||||||||||</controlfield>
  <controlfield tag="008">161110c20169999enkar p o     0   a0eng  </controlfield>
  <datafield tag="010" ind1=" " ind2=" ">
    <subfield code="a">  2019205566</subfield>
  </datafield>
  <datafield tag="015" ind1=" " ind2=" ">
    <subfield code="a">GBB6C6783</subfield>
    <subfield code="2">bnb</subfield>
  </datafield>
  <datafield tag="016" ind1="7" ind2=" ">
    <subfield code="a">016737493</subfield>
    <subfield code="2">Uk</subfield>
  </datafield>
  <datafield tag="022" ind1=" " ind2=" ">
    <subfield code="a">2056-3132</subfield>
  </datafield>
  <datafield tag="035" ind1=" " ind2=" ">
    <subfield code="a">(OCoLC)ocn957266281</subfield>
  </datafield>
  <datafield tag="037" ind1=" " ind2=" ">
    <subfield code="b">BioMed Central</subfield>
  </datafield>
  <datafield tag="040" ind1=" " ind2=" ">
    <subfield code="a">OH1</subfield>
    <subfield code="b">eng</subfield>
    <subfield code="e">rda</subfield>
    <subfield code="e">pn</subfield>
    <subfield code="c">OH1</subfield>
    <subfield code="d">OCLCO</subfield>
    <subfield code="d">UX1</subfield>
    <subfield code="d">OCLCF</subfield>
    <subfield code="d">OCLCO</subfield>
    <subfield code="d">OCLCQ</subfield>
    <subfield code="d">CUS</subfield>
    <subfield code="d">VT2</subfield>
    <subfield code="d">LND</subfield>
    <subfield code="d">Z5A</subfield>
    <subfield code="d">NLE</subfield>
    <subfield code="d">REB</subfield>
    <subfield code="d">CASUM</subfield>
    <subfield code="d">TOH</subfield>
    <subfield code="d">KSU</subfield>
    <subfield code="d">CRU</subfield>
    <subfield code="d">OCLCO</subfield>
    <subfield code="d">OCLCQ</subfield>
    <subfield code="d">XQL</subfield>
    <subfield code="d">JOURN</subfield>
    <subfield code="d">ZHM</subfield>
    <subfield code="d">YKC</subfield>
    <subfield code="d">XME</subfield>
    <subfield code="d">UKMGB</subfield>
    <subfield code="d">WYU</subfield>
    <subfield code="d">LVT</subfield>
    <subfield code="d">OCLCA</subfield>
    <subfield code="d">DLC</subfield>
  </datafield>
  <datafield tag="042" ind1=" " ind2=" ">
    <subfield code="a">pcc</subfield>
  </datafield>
  <datafield tag="050" ind1="0" ind2="0">
    <subfield code="a">QL1</subfield>
  </datafield>
  <datafield tag="082" ind1="0" ind2="4">
    <subfield code="a">590.5</subfield>
    <subfield code="2">23</subfield>
  </datafield>
  <datafield tag="245" ind1="0" ind2="0">
    <subfield code="a">BMC Zoology.</subfield>
  </datafield>
  <datafield tag="246" ind1="1" ind2=" ">
    <subfield code="a">BioMed central zoology</subfield>
  </datafield>
  <datafield tag="264" ind1=" " ind2="1">
    <subfield code="a">[London] :</subfield>
    <subfield code="b">BioMed Central,</subfield>
    <subfield code="c">2016-</subfield>
  </datafield>
  <datafield tag="300" ind1=" " ind2=" ">
    <subfield code="a">1 online resource</subfield>
  </datafield>
  <datafield tag="310" ind1=" " ind2=" ">
    <subfield code="a">Annual</subfield>
  </datafield>
  <datafield tag="336" ind1=" " ind2=" ">
    <subfield code="a">text</subfield>
    <subfield code="b">txt</subfield>
    <subfield code="2">rdacontent</subfield>
  </datafield>
  <datafield tag="337" ind1=" " ind2=" ">
    <subfield code="a">computer</subfield>
    <subfield code="b">c</subfield>
    <subfield code="2">rdamedia</subfield>
  </datafield>
  <datafield tag="338" ind1=" " ind2=" ">
    <subfield code="a">online resource</subfield>
    <subfield code="b">cr</subfield>
    <subfield code="2">rdacarrier</subfield>
  </datafield>
  <datafield tag="362" ind1="1" ind2=" ">
    <subfield code="a">Began with volume 1, issue 1 (December 2016).</subfield>
  </datafield>
  <datafield tag="506" ind1=" " ind2=" ">
    <subfield code="a">Available only to authorized users.</subfield>
  </datafield>
  <datafield tag="515" ind1=" " ind2=" ">
    <subfield code="a">Issues available as published and compiled in an annual volume.</subfield>
  </datafield>
  <datafield tag="588" ind1=" " ind2=" ">
    <subfield code="a">Descrition based on: Volume 1, issue 1 (December 2016); title from journal information screen (SpringerLink website, viewed July 29, 2019).</subfield>
  </datafield>
  <datafield tag="588" ind1=" " ind2=" ">
    <subfield code="a">Latest issue consulted: Volume 4, issue 1 (December 2019) (SpringerLink website, viewed July 29, 2019).</subfield>
  </datafield>
  <datafield tag="650" ind1=" " ind2="0">
    <subfield code="a">Zoology</subfield>
    <subfield code="v">Periodicals.</subfield>
  </datafield>
  <datafield tag="650" ind1="1" ind2="2">
    <subfield code="a">Zoology.</subfield>
  </datafield>
  <datafield tag="650" ind1=" " ind2="7">
    <subfield code="a">Zoology.</subfield>
    <subfield code="2">fast</subfield>
    <subfield code="0">(OCoLC)fst01184696</subfield>
  </datafield>
  <datafield tag="655" ind1=" " ind2="0">
    <subfield code="a">Electronic journals.</subfield>
  </datafield>
  <datafield tag="655" ind1=" " ind2="4">
    <subfield code="a">Fulltext.</subfield>
  </datafield>
  <datafield tag="655" ind1=" " ind2="4">
    <subfield code="a">Internet Resources.</subfield>
  </datafield>
  <datafield tag="655" ind1=" " ind2="4">
    <subfield code="a">Periodicals.</subfield>
  </datafield>
  <datafield tag="655" ind1=" " ind2="7">
    <subfield code="a">Periodicals.</subfield>
    <subfield code="2">fast</subfield>
    <subfield code="0">(OCoLC)fst01411641</subfield>
  </datafield>
  <datafield tag="850" ind1=" " ind2=" ">
    <subfield code="a">DLC</subfield>
  </datafield>
  <datafield tag="859" ind1="4" ind2="0">
    <subfield code="3">BioMed Central</subfield>
    <subfield code="u">http://bibpurl.oclc.org/web/82592</subfield>
    <subfield code="u">http://bmczool.biomedcentral.com</subfield>
  </datafield>
  <datafield tag="859" ind1="4" ind2="0">
    <subfield code="3">OhioLINK</subfield>
    <subfield code="u">http://rave.ohiolink.edu/ejournals/journal/250739976</subfield>
    <subfield code="z">Connect to resource</subfield>
  </datafield>
  <datafield tag="859" ind1="4" ind2="0">
    <subfield code="u">http://www.biomedcentral.com/bmczoolarchive</subfield>
  </datafield>
  <datafield tag="859" ind1="4" ind2="0">
    <subfield code="u">http://bmczool.biomedcentral.com/</subfield>
    <subfield code="z">2014 to present</subfield>
  </datafield>
  <datafield tag="859" ind1="4" ind2="0">
    <subfield code="u">http://link.springer.com/openurl?genre=journal&amp;issn=2056-3132&amp;volume=</subfield>
    <subfield code="z">08/01/2016 to present</subfield>
  </datafield>
  <datafield tag="859" ind1="4" ind2="0">
    <subfield code="u">http://0-link.springer.com.emu.londonmet.ac.uk/openurl?genre=journal&amp;issn=2056-3132&amp;volume=</subfield>
    <subfield code="z">Full text available from Springerlink Fully Open Access Journals: 01/08/2016 to present</subfield>
  </datafield>
  <datafield tag="859" ind1="4" ind2="0">
    <subfield code="u">http://link.springer.com/journal/40850</subfield>
    <subfield code="z">SpringerOpen: 01/01/2016 to Present</subfield>
  </datafield>
  <datafield tag="859" ind1="4" ind2="0">
    <subfield code="u">http://www.biomedcentral.com/bmczool</subfield>
    <subfield code="z">BioMed Central: 01/01/2014 to Present</subfield>
  </datafield>
  <datafield tag="859" ind1="4" ind2="0">
    <subfield code="u">https://link.springer.com/openurl?genre=journal&amp;issn=2056-3132&amp;volume=</subfield>
    <subfield code="z">08/01/2016 to present</subfield>
  </datafield>
  <datafield tag="859" ind1="4" ind2="0">
    <subfield code="u">http://bmczool.biomedcentral.com/</subfield>
    <subfield code="z">Full text available from BioMedCentral Open Access: 2014 to present</subfield>
  </datafield>
  <datafield tag="859" ind1="4" ind2="0">
    <subfield code="u">https://bmczool.biomedcentral.com/articles/</subfield>
  </datafield>
  <datafield tag="859" ind1="4" ind2="0">
    <subfield code="u">http://VC4KB8YF3Q.search.serialssolutions.com/?V=1.0&amp;L=VC4KB8YF3Q&amp;S=JCs&amp;C=TC0001651157&amp;T=marc</subfield>
  </datafield>
  <datafield tag="859" ind1="4" ind2="2">
    <subfield code="u">http://main-cat.nls.uk/vwebv/search?searchType=2&amp;argType1=all&amp;searchCode1=GKEY&amp;searchArg1=016737493&amp;combine2=and&amp;argType2=any&amp;searchCode2=GKEY&amp;searchArg2=ELDARTICLE+ELDARTICLEEJ3&amp;yearOption=range&amp;fromYear=&amp;toYear=2014</subfield>
    <subfield code="z">Search for articles in this journal (pre 2015)</subfield>
  </datafield>
  <datafield tag="859" ind1="4" ind2="2">
    <subfield code="u">http://main-cat.nls.uk/vwebv/search?searchType=2&amp;argType1=all&amp;searchCode1=GKEY&amp;searchArg1=016737493&amp;combine2=and&amp;argType2=any&amp;searchCode2=GKEY&amp;searchArg2=ELDARTICLE+ELDARTICLEEJ3&amp;yearOption=range&amp;fromYear=2015</subfield>
    <subfield code="z">Search for articles in this journal (from 2015)</subfield>
  </datafield>
  <datafield tag="859" ind1="4" ind2="0">
    <subfield code="u">http://DG4ZN4JN3V.search.serialssolutions.com/?V=1.0&amp;L=DG4ZN4JN3V&amp;S=JCs&amp;C=TC0001651157&amp;T=marc</subfield>
    <subfield code="z">Access for all CUNY School of Law users</subfield>
  </datafield>
  <datafield tag="859" ind1="4" ind2="0">
    <subfield code="u">http://TV3XJ5AV7H.search.serialssolutions.com/?V=1.0&amp;L=TV3XJ5AV7H&amp;S=JCs&amp;C=TC0001651157&amp;T=marc</subfield>
    <subfield code="z">Access for all CUNY Graduate School of Journalism users</subfield>
  </datafield>
  <datafield tag="859" ind1="4" ind2="0">
    <subfield code="u">http://NF2MZ4SP4B.search.serialssolutions.com/?V=1.0&amp;L=NF2MZ4SP4B&amp;S=JCs&amp;C=TC0001651157&amp;T=marc</subfield>
    <subfield code="z">Access for all Hunter College users</subfield>
  </datafield>
  <datafield tag="859" ind1="4" ind2="0">
    <subfield code="u">http://XF8RZ8WC9A.search.serialssolutions.com/?V=1.0&amp;L=XF8RZ8WC9A&amp;S=JCs&amp;C=TC0001651157&amp;T=marc</subfield>
    <subfield code="z">Access for all Kingsborough Community College users</subfield>
  </datafield>
  <datafield tag="859" ind1="4" ind2="0">
    <subfield code="u">http://JF6UH8CB3X.search.serialssolutions.com/?V=1.0&amp;L=JF6UH8CB3X&amp;S=JCs&amp;C=TC0001651157&amp;T=marc</subfield>
    <subfield code="z">Access for all Medgar Evers College users</subfield>
  </datafield>
  <datafield tag="859" ind1="4" ind2="0">
    <subfield code="u">https://bmczool.biomedcentral.com/</subfield>
    <subfield code="x">OA-J</subfield>
  </datafield>
  <datafield tag="859" ind1="4" ind2="0">
    <subfield code="u">http://VH7QX3XE2P.search.serialssolutions.com/?V=1.0&amp;L=VH7QX3XE2P&amp;S=JCs&amp;C=TC0001651157&amp;T=marc</subfield>
    <subfield code="z">VIEW FULL TEXT</subfield>
  </datafield>
  <datafield tag="859" ind1="4" ind2="0">
    <subfield code="u">https://link.springer.com/journal/volumesAndIssues/40850</subfield>
    <subfield code="z">&lt;img src=&quot;/screens/gifs/go4.gif&quot; alt=&quot;Go button&quot; border=&quot;0&quot;width=&quot;21&quot;height=&quot;21&quot;hspace=&quot;7&quot; align=&quot;middle&quot;&gt;View this journal online via SpringerOpen (2016 to present)</subfield>
  </datafield>
  <datafield tag="859" ind1=" " ind2=" ">
    <subfield code="3">1850-9999</subfield>
    <subfield code="u">http://link.springer.com/</subfield>
    <subfield code="x">BLDSS</subfield>
  </datafield>
  <datafield tag="906" ind1=" " ind2=" ">
    <subfield code="a">7</subfield>
    <subfield code="b">cbc</subfield>
    <subfield code="c">serasst</subfield>
    <subfield code="d">2</subfield>
    <subfield code="e">ncip</subfield>
    <subfield code="f">20</subfield>
    <subfield code="g">n-oclcserc</subfield>
  </datafield>
  <datafield tag="925" ind1="0" ind2=" ">
    <subfield code="a">acquire</subfield>
    <subfield code="e">edeposit</subfield>
    <subfield code="x">policy default</subfield>
  </datafield>
  <datafield tag="955" ind1=" " ind2=" ">
    <subfield code="a">rh00 2016-11-10</subfield>
    <subfield code="i">rh25 2019-07-29</subfield>
  </datafield>
  <datafield tag="985" ind1=" " ind2=" ">
    <subfield code="d">20180323</subfield>
    <subfield code="e">edeposit SR15033177540</subfield>
  </datafield>
</record>