
<record>
  <leader>03085cas a2200649 a 4500</leader>
  <controlfield tag="001">20133701</controlfield>
  <controlfield tag="005">20200101075657.0</controlfield>
  <controlfield tag="006">m     o  d        </controlfield>
  <controlfield tag="007">cr |||||||||||</controlfield>
  <controlfield tag="008">171108c19969999cc br pso     0   a0eng d</controlfield>
  <datafield tag="010" ind1=" " ind2=" ">
    <subfield code="a">  2019204068</subfield>
  </datafield>
  <datafield tag="016" ind1="7" ind2=" ">
    <subfield code="a">2630146-5</subfield>
    <subfield code="2">DE-600</subfield>
  </datafield>
  <datafield tag="022" ind1=" " ind2=" ">
    <subfield code="a">1995-8188</subfield>
    <subfield code="l">1995-8188</subfield>
    <subfield code="y">1007-1172</subfield>
  </datafield>
  <datafield tag="035" ind1=" " ind2=" ">
    <subfield code="a">(OCoLC)ocm67619094 </subfield>
  </datafield>
  <datafield tag="037" ind1=" " ind2=" ">
    <subfield code="b">Shanghai Jiaotong Daxue / Shanghai Jiaotong University, 1954 Huasha Lu, Shanghai, 200030 China</subfield>
  </datafield>
  <datafield tag="040" ind1=" " ind2=" ">
    <subfield code="a">OCLCS</subfield>
    <subfield code="b">eng</subfield>
    <subfield code="e">pn</subfield>
    <subfield code="c">OCLCS</subfield>
    <subfield code="d">OCLCS</subfield>
    <subfield code="d">CIT</subfield>
    <subfield code="d">OCLCQ</subfield>
    <subfield code="d">VRC</subfield>
    <subfield code="d">HEBIS</subfield>
    <subfield code="d">OCLCQ</subfield>
    <subfield code="d">OCLCF</subfield>
    <subfield code="d">TXA</subfield>
    <subfield code="d">CSU</subfield>
    <subfield code="d">OCLCO</subfield>
    <subfield code="d">OCLCQ</subfield>
    <subfield code="d">YOU</subfield>
    <subfield code="d">DLC</subfield>
    <subfield code="d">VT2</subfield>
    <subfield code="d">NJT</subfield>
    <subfield code="d">WURST</subfield>
    <subfield code="d">CUS</subfield>
  </datafield>
  <datafield tag="042" ind1=" " ind2=" ">
    <subfield code="a">lccopycat</subfield>
  </datafield>
  <datafield tag="050" ind1="0" ind2="0">
    <subfield code="a">Q1</subfield>
  </datafield>
  <datafield tag="050" ind1=" " ind2="4">
    <subfield code="a">Q4</subfield>
    <subfield code="b">.S522</subfield>
  </datafield>
  <datafield tag="130" ind1="0" ind2=" ">
    <subfield code="a">Shanghai jiao tong da xue xue bao.</subfield>
    <subfield code="l">English.</subfield>
  </datafield>
  <datafield tag="210" ind1="1" ind2=" ">
    <subfield code="a">J. Shanghai Jiaotong Univ., Sci.</subfield>
  </datafield>
  <datafield tag="222" ind1=" " ind2="0">
    <subfield code="a">Journal of Shanghai Jiaotong University. Science</subfield>
  </datafield>
  <datafield tag="245" ind1="1" ind2="0">
    <subfield code="a">Journal of Shanghai Jiaotong University.</subfield>
  </datafield>
  <datafield tag="246" ind1="1" ind2=" ">
    <subfield code="i">Vols. for 2004- have title:</subfield>
    <subfield code="a">Journal of Shanghai Jiaotong University (Science)</subfield>
  </datafield>
  <datafield tag="246" ind1="1" ind2=" ">
    <subfield code="a">J. Shanghai Jiaotong Univ. (Sci.)</subfield>
  </datafield>
  <datafield tag="246" ind1="1" ind2=" ">
    <subfield code="a">Shanghai jiaotong daxue xuebao</subfield>
  </datafield>
  <datafield tag="246" ind1="1" ind2=" ">
    <subfield code="a">Journal of Shanghai Jiao Tong University (Science)</subfield>
  </datafield>
  <datafield tag="264" ind1=" " ind2="1">
    <subfield code="a">Shanghai :</subfield>
    <subfield code="b">Shanghai Jiaotong University Press ;</subfield>
    <subfield code="a">Heidelberg :</subfield>
    <subfield code="b">Springer-Verlag [distributor]</subfield>
  </datafield>
  <datafield tag="300" ind1=" " ind2=" ">
    <subfield code="a">1 online resource</subfield>
  </datafield>
  <datafield tag="310" ind1=" " ind2=" ">
    <subfield code="a">Bimonthly,</subfield>
    <subfield code="b">&lt;2008&gt;-</subfield>
  </datafield>
  <datafield tag="336" ind1=" " ind2=" ">
    <subfield code="a">text</subfield>
    <subfield code="b">txt</subfield>
    <subfield code="2">rdacontent</subfield>
  </datafield>
  <datafield tag="337" ind1=" " ind2=" ">
    <subfield code="a">computer</subfield>
    <subfield code="b">c</subfield>
    <subfield code="2">rdamedia</subfield>
  </datafield>
  <datafield tag="338" ind1=" " ind2=" ">
    <subfield code="a">online resource</subfield>
    <subfield code="b">cr</subfield>
    <subfield code="2">rdacarrier</subfield>
  </datafield>
  <datafield tag="362" ind1="1" ind2=" ">
    <subfield code="a">Print began with vol. E-1, no. 1 (June 1996).</subfield>
  </datafield>
  <datafield tag="525" ind1=" " ind2=" ">
    <subfield code="a">Some vols. have separately numbered supplements.</subfield>
  </datafield>
  <datafield tag="580" ind1=" " ind2=" ">
    <subfield code="a">Issued also in Chinese under title: Shanghai jiao tong da xue xue bao.</subfield>
  </datafield>
  <datafield tag="588" ind1=" " ind2=" ">
    <subfield code="a">Description based on: Vol. 13, issue 1 (Feb. 2008); title from issue table of contents (SpringerLink, viewed May 21, 2014).</subfield>
  </datafield>
  <datafield tag="588" ind1=" " ind2=" ">
    <subfield code="a">Latest issue consulted: Vol. 24, no. 1 (Feb. 2019) (SpringerLink website, viewed Mar. 14, 2019).</subfield>
  </datafield>
  <datafield tag="650" ind1=" " ind2="0">
    <subfield code="a">Science</subfield>
    <subfield code="v">Periodicals.</subfield>
  </datafield>
  <datafield tag="650" ind1=" " ind2="0">
    <subfield code="a">Technology</subfield>
    <subfield code="v">Periodicals.</subfield>
  </datafield>
  <datafield tag="650" ind1=" " ind2="7">
    <subfield code="a">Science.</subfield>
    <subfield code="2">fast</subfield>
    <subfield code="0">(OCoLC)fst01108176</subfield>
  </datafield>
  <datafield tag="650" ind1=" " ind2="7">
    <subfield code="a">Technology.</subfield>
    <subfield code="2">fast</subfield>
    <subfield code="0">(OCoLC)fst01145078</subfield>
  </datafield>
  <datafield tag="653" ind1="0" ind2="0">
    <subfield code="a">engineering</subfield>
  </datafield>
  <datafield tag="653" ind1="1" ind2="0">
    <subfield code="a">Engineering (General)</subfield>
  </datafield>
  <datafield tag="653" ind1="1" ind2="0">
    <subfield code="a">Techniek (algemeen)</subfield>
  </datafield>
  <datafield tag="655" ind1=" " ind2="0">
    <subfield code="a">Electronic journals.</subfield>
  </datafield>
  <datafield tag="655" ind1=" " ind2="7">
    <subfield code="a">Periodicals.</subfield>
    <subfield code="2">fast</subfield>
    <subfield code="0">(OCoLC)fst01411641</subfield>
  </datafield>
  <datafield tag="710" ind1="2" ind2=" ">
    <subfield code="a">Shanghai jiao tong da xue.</subfield>
  </datafield>
  <datafield tag="775" ind1="1" ind2=" ">
    <subfield code="t">Shanghai jiao tong da xue xue bao</subfield>
    <subfield code="x">1006-2467</subfield>
    <subfield code="w">(OCoLC)779755403</subfield>
  </datafield>
  <datafield tag="776" ind1="0" ind2="8">
    <subfield code="i">Print version:</subfield>
    <subfield code="s">Shanghai jiao tong da xue xue bao. English.</subfield>
    <subfield code="t">Journal of Shanghai Jiaotong University</subfield>
    <subfield code="x">1007-1172</subfield>
    <subfield code="w">(DLC)  2002261178</subfield>
    <subfield code="w">(OCoLC)50098292</subfield>
  </datafield>
  <datafield tag="850" ind1=" " ind2=" ">
    <subfield code="a">DLC</subfield>
  </datafield>
  <datafield tag="859" ind1="4" ind2="0">
    <subfield code="u">http://ckrd.cnki.net/grid20/Navi/item.aspx?NaviID=1&amp;BaseID=TRAN&amp;NaviLink=%e7%90%86%e5%b7%a5C(%e6%9c%ba%e7%94%b5%e8%88%aa%e7%a9%ba%e4%ba%a4%e9%80%9a%e6%b0%b4%e5%88%a9%e5%bb%ba%e7%ad%91%e8%83%bd%e6%ba%90)</subfield>
  </datafield>
  <datafield tag="859" ind1="4" ind2="0">
    <subfield code="u">http://www.springerlink.com/content/120899/</subfield>
  </datafield>
  <datafield tag="906" ind1=" " ind2=" ">
    <subfield code="a">7</subfield>
    <subfield code="b">cbc</subfield>
    <subfield code="c">serasst</subfield>
    <subfield code="d">2</subfield>
    <subfield code="e">ncip</subfield>
    <subfield code="f">20</subfield>
    <subfield code="g">n-oclcserc</subfield>
  </datafield>
  <datafield tag="925" ind1="0" ind2=" ">
    <subfield code="a">acquire</subfield>
    <subfield code="e">edeposit</subfield>
    <subfield code="x">policy default</subfield>
  </datafield>
  <datafield tag="955" ind1=" " ind2=" ">
    <subfield code="a">rh00 2017-11-08</subfield>
    <subfield code="i">rh25 2019-03-14</subfield>
  </datafield>
  <datafield tag="985" ind1=" " ind2=" ">
    <subfield code="d">20180319</subfield>
    <subfield code="e">edeposit SR16092146624</subfield>
  </datafield>
</record>