
<record>
  <leader>12913cas a2202101 a 4500</leader>
  <controlfield tag="001">20133859</controlfield>
  <controlfield tag="005">20200101075653.0</controlfield>
  <controlfield tag="006">m     o  d        </controlfield>
  <controlfield tag="007">cr mnu||||||||</controlfield>
  <controlfield tag="008">171108c18699999enkwr pso     0   a0eng c</controlfield>
  <datafield tag="010" ind1=" " ind2=" ">
    <subfield code="a">  2005233250</subfield>
  </datafield>
  <datafield tag="016" ind1="7" ind2=" ">
    <subfield code="a">N07600000</subfield>
    <subfield code="2">DNLM</subfield>
  </datafield>
  <datafield tag="016" ind1="7" ind2=" ">
    <subfield code="a">014374374</subfield>
    <subfield code="2">Uk</subfield>
  </datafield>
  <datafield tag="016" ind1="7" ind2=" ">
    <subfield code="a">012434483</subfield>
    <subfield code="2">Uk</subfield>
  </datafield>
  <datafield tag="022" ind1="0" ind2=" ">
    <subfield code="a">1476-4687</subfield>
    <subfield code="l">0028-0836</subfield>
    <subfield code="y">1476-4679</subfield>
  </datafield>
  <datafield tag="030" ind1=" " ind2=" ">
    <subfield code="a">NATUAS</subfield>
  </datafield>
  <datafield tag="035" ind1=" " ind2=" ">
    <subfield code="a">(OCoLC)ocm47076528 </subfield>
  </datafield>
  <datafield tag="040" ind1=" " ind2=" ">
    <subfield code="a">PIT</subfield>
    <subfield code="b">eng</subfield>
    <subfield code="e">pn</subfield>
    <subfield code="c">PIT</subfield>
    <subfield code="d">EYM</subfield>
    <subfield code="d">OCLCQ</subfield>
    <subfield code="d">GUA</subfield>
    <subfield code="d">OCLCS</subfield>
    <subfield code="d">SERSO</subfield>
    <subfield code="d">OCLCQ</subfield>
    <subfield code="d">OCLCF</subfield>
    <subfield code="d">OCLCO</subfield>
    <subfield code="d">OCLCE</subfield>
    <subfield code="d">BGS</subfield>
    <subfield code="d">CN8ML</subfield>
    <subfield code="d">OCLCQ</subfield>
    <subfield code="d">DLC</subfield>
    <subfield code="d">OCLCQ</subfield>
    <subfield code="d">DLC</subfield>
    <subfield code="d">VT2</subfield>
    <subfield code="d">DLC</subfield>
    <subfield code="d">IAD</subfield>
    <subfield code="d">OCLCQ</subfield>
    <subfield code="d">CKK</subfield>
    <subfield code="d">LND</subfield>
    <subfield code="d">OCLCO</subfield>
    <subfield code="d">LGG</subfield>
    <subfield code="d">CNMKL</subfield>
    <subfield code="d">UKMGB</subfield>
    <subfield code="d">AUD</subfield>
    <subfield code="d">WT2</subfield>
    <subfield code="d">ZAC</subfield>
    <subfield code="d">TYC</subfield>
    <subfield code="d">WY@</subfield>
    <subfield code="d">OCLCO</subfield>
    <subfield code="d">OCLCA</subfield>
    <subfield code="d">BUF</subfield>
    <subfield code="d">OCLCQ</subfield>
    <subfield code="d">OCLCO</subfield>
    <subfield code="d">OCLCQ</subfield>
    <subfield code="d">U3W</subfield>
    <subfield code="d">WYU</subfield>
    <subfield code="d">OCLCA</subfield>
    <subfield code="d">KNM</subfield>
    <subfield code="d">LEAUB</subfield>
    <subfield code="d">DLC</subfield>
  </datafield>
  <datafield tag="042" ind1=" " ind2=" ">
    <subfield code="a">pcc</subfield>
    <subfield code="a">dlr</subfield>
  </datafield>
  <datafield tag="050" ind1="0" ind2="0">
    <subfield code="a">Q1</subfield>
  </datafield>
  <datafield tag="060" ind1="0" ind2=" ">
    <subfield code="a">W1 NA81</subfield>
  </datafield>
  <datafield tag="130" ind1="0" ind2=" ">
    <subfield code="a">Nature (Online)</subfield>
  </datafield>
  <datafield tag="210" ind1="1" ind2=" ">
    <subfield code="a">Nature</subfield>
    <subfield code="b">(Basingstoke, Online)</subfield>
  </datafield>
  <datafield tag="222" ind1=" " ind2="0">
    <subfield code="a">Nature</subfield>
    <subfield code="b">(Basingstoke. Online)</subfield>
  </datafield>
  <datafield tag="245" ind1="1" ind2="0">
    <subfield code="a">Nature.</subfield>
  </datafield>
  <datafield tag="260" ind1=" " ind2=" ">
    <subfield code="a">[London] :</subfield>
    <subfield code="b">Nature Pub. Group</subfield>
  </datafield>
  <datafield tag="310" ind1=" " ind2=" ">
    <subfield code="a">Weekly</subfield>
  </datafield>
  <datafield tag="336" ind1=" " ind2=" ">
    <subfield code="a">text</subfield>
    <subfield code="b">txt</subfield>
    <subfield code="2">rdacontent</subfield>
  </datafield>
  <datafield tag="337" ind1=" " ind2=" ">
    <subfield code="a">computer</subfield>
    <subfield code="b">c</subfield>
    <subfield code="2">rdamedia</subfield>
  </datafield>
  <datafield tag="338" ind1=" " ind2=" ">
    <subfield code="a">online resource</subfield>
    <subfield code="b">cr</subfield>
    <subfield code="2">rdacarrier</subfield>
  </datafield>
  <datafield tag="362" ind1="1" ind2=" ">
    <subfield code="a">Print began with v. 1 (Nov. 4, 1869).</subfield>
  </datafield>
  <datafield tag="506" ind1=" " ind2=" ">
    <subfield code="3">Use copy</subfield>
    <subfield code="f">Restrictions unspecified</subfield>
    <subfield code="2">star</subfield>
    <subfield code="5">MiAaHDL</subfield>
  </datafield>
  <datafield tag="533" ind1=" " ind2=" ">
    <subfield code="a">Electronic reproduction.</subfield>
    <subfield code="b">[S.l.] :</subfield>
    <subfield code="c">HathiTrust Digital Library,</subfield>
    <subfield code="d">2010.</subfield>
    <subfield code="5">MiAaHDL</subfield>
  </datafield>
  <datafield tag="538" ind1=" " ind2=" ">
    <subfield code="a">Master and use copy. Digital master created according to Benchmark for Faithful Digital Reproductions of Monographs and Serials, Version 1. Digital Library Federation, December 2002.</subfield>
    <subfield code="u">http://purl.oclc.org/DLF/benchrepro0212</subfield>
    <subfield code="5">MiAaHDL</subfield>
  </datafield>
  <datafield tag="538" ind1=" " ind2=" ">
    <subfield code="a">Mode of access: World Wide Web.</subfield>
  </datafield>
  <datafield tag="583" ind1="1" ind2=" ">
    <subfield code="a">digitized</subfield>
    <subfield code="c">2010</subfield>
    <subfield code="h">HathiTrust Digital Library</subfield>
    <subfield code="l">committed to preserve</subfield>
    <subfield code="2">pda</subfield>
    <subfield code="5">MiAaHDL</subfield>
  </datafield>
  <datafield tag="588" ind1=" " ind2=" ">
    <subfield code="a">Description based on: Vol. 385, no. 6612 (Jan. 9, 1997); title from journal homepage (publisher&apos;s Web site, viewed Sept. 28, 2005).</subfield>
  </datafield>
  <datafield tag="588" ind1=" " ind2=" ">
    <subfield code="a">Latest issue consulted: Vol. 576, no. 7787 (19 Dec. 2019) (SpringerLink website, viewed Dec. 30, 2019).</subfield>
  </datafield>
  <datafield tag="650" ind1=" " ind2="0">
    <subfield code="a">Science</subfield>
    <subfield code="v">Periodicals.</subfield>
  </datafield>
  <datafield tag="650" ind1=" " ind2="2">
    <subfield code="a">Science.</subfield>
  </datafield>
  <datafield tag="650" ind1=" " ind2="6">
    <subfield code="a">Sciences</subfield>
    <subfield code="v">Périodiques.</subfield>
  </datafield>
  <datafield tag="650" ind1=" " ind2="6">
    <subfield code="a">Biologie</subfield>
    <subfield code="v">Périodiques.</subfield>
  </datafield>
  <datafield tag="650" ind1=" " ind2="6">
    <subfield code="a">Physique</subfield>
    <subfield code="v">Périodiques.</subfield>
  </datafield>
  <datafield tag="650" ind1=" " ind2="7">
    <subfield code="a">Science.</subfield>
    <subfield code="2">fast</subfield>
    <subfield code="0">(OCoLC)fst01108176</subfield>
  </datafield>
  <datafield tag="650" ind1="1" ind2="7">
    <subfield code="a">Natuurwetenschappen.</subfield>
    <subfield code="2">gtt</subfield>
  </datafield>
  <datafield tag="650" ind1=" " ind2="7">
    <subfield code="a">CIENCIA</subfield>
    <subfield code="x">PUBLICACIONES PERIODICAS.</subfield>
    <subfield code="2">renib</subfield>
  </datafield>
  <datafield tag="650" ind1="1" ind2="7">
    <subfield code="a">NATURAL HISTORY.</subfield>
    <subfield code="2">unbist</subfield>
  </datafield>
  <datafield tag="650" ind1="1" ind2="7">
    <subfield code="a">BIOLOGY.</subfield>
    <subfield code="2">unbist</subfield>
  </datafield>
  <datafield tag="650" ind1="1" ind2="7">
    <subfield code="a">SCIENCE.</subfield>
    <subfield code="2">unbist</subfield>
  </datafield>
  <datafield tag="655" ind1=" " ind2="0">
    <subfield code="a">Electronic journals.</subfield>
  </datafield>
  <datafield tag="655" ind1=" " ind2="2">
    <subfield code="a">Periodical.</subfield>
  </datafield>
  <datafield tag="655" ind1=" " ind2="7">
    <subfield code="a">Periodicals.</subfield>
    <subfield code="2">fast</subfield>
    <subfield code="0">(OCoLC)fst01411641</subfield>
  </datafield>
  <datafield tag="710" ind1="2" ind2=" ">
    <subfield code="a">Nature Publishing Group.</subfield>
  </datafield>
  <datafield tag="776" ind1="0" ind2="8">
    <subfield code="i">Print version:</subfield>
    <subfield code="t">Nature</subfield>
    <subfield code="x">0028-0836</subfield>
    <subfield code="w">(DLC)   12037118</subfield>
    <subfield code="w">(OCoLC)1586310</subfield>
  </datafield>
  <datafield tag="850" ind1=" " ind2=" ">
    <subfield code="a">DLC</subfield>
  </datafield>
  <datafield tag="859" ind1="4" ind2="0">
    <subfield code="u">https://www.nature.com/nature/volumes/576</subfield>
  </datafield>
  <datafield tag="859" ind1="4" ind2="0">
    <subfield code="3">Google, v.59 1898-1899 Nov-Apr</subfield>
    <subfield code="u">http://books.google.com/books?id=iYQCAAAAIAAJ</subfield>
  </datafield>
  <datafield tag="859" ind1="4" ind2="0">
    <subfield code="3">Google, v.341 1989 Sep-Oct</subfield>
    <subfield code="u">http://books.google.com/books?id=sL8oAAAAMAAJ</subfield>
  </datafield>
  <datafield tag="859" ind1="4" ind2="0">
    <subfield code="3">Google, v.353 1991 Sep-Oct</subfield>
    <subfield code="u">http://books.google.com/books?id=QKgoAAAAMAAJ</subfield>
  </datafield>
  <datafield tag="859" ind1="4" ind2="0">
    <subfield code="3">Google, v.360 1992 Nov-Dec</subfield>
    <subfield code="u">http://books.google.com/books?id=OmMoAAAAMAAJ</subfield>
  </datafield>
  <datafield tag="859" ind1="4" ind2="0">
    <subfield code="3">Google, v.359 1992 Oct</subfield>
    <subfield code="u">http://books.google.com/books?id=aGIoAAAAMAAJ</subfield>
  </datafield>
  <datafield tag="859" ind1="4" ind2="0">
    <subfield code="3">Google, v.231 1971 May-Jun cop.2</subfield>
    <subfield code="u">http://books.google.com/books?id=hGkoAAAAMAAJ</subfield>
  </datafield>
  <datafield tag="859" ind1="4" ind2="0">
    <subfield code="3">Google, v.335 1988 Sep-Oct</subfield>
    <subfield code="u">http://books.google.com/books?id=lF4oAAAAMAAJ</subfield>
  </datafield>
  <datafield tag="859" ind1="4" ind2="0">
    <subfield code="3">Google, v.184 no.4700-4704 1959 + suppl. no.1-13</subfield>
    <subfield code="u">http://books.google.com/books?id=Z1iP1ZYBOOwC</subfield>
  </datafield>
  <datafield tag="859" ind1="4" ind2="0">
    <subfield code="3">Google, v.181 no.4601-4609 1958</subfield>
    <subfield code="u">http://books.google.com/books?id=yAvVXkSWBJgC</subfield>
  </datafield>
  <datafield tag="859" ind1="4" ind2="0">
    <subfield code="3">Google, v.182 no.4627-4636 1958</subfield>
    <subfield code="u">http://books.google.com/books?id=c70B5IDw0L8C</subfield>
  </datafield>
  <datafield tag="859" ind1="4" ind2="0">
    <subfield code="3">Google, v.275 1978 Sep-Oct</subfield>
    <subfield code="u">http://books.google.com/books?id=zqEoAAAAMAAJ</subfield>
  </datafield>
  <datafield tag="859" ind1="4" ind2="0">
    <subfield code="3">Google, v.183 no.4662-4670 1959</subfield>
    <subfield code="u">http://books.google.com/books?id=hcOBXwt7mhgC</subfield>
  </datafield>
  <datafield tag="859" ind1="4" ind2="0">
    <subfield code="3">Google, v.298 1982 Jul-Aug</subfield>
    <subfield code="u">http://books.google.com/books?id=jmQoAAAAMAAJ</subfield>
  </datafield>
  <datafield tag="859" ind1="4" ind2="0">
    <subfield code="3">Google, v.286 1980 Jul-Aug</subfield>
    <subfield code="u">http://books.google.com/books?id=WM4rAAAAMAAJ</subfield>
  </datafield>
  <datafield tag="859" ind1="4" ind2="0">
    <subfield code="3">Google, v.261 1976 no.5555-5562</subfield>
    <subfield code="u">http://books.google.com/books?id=nJweAAAAMAAJ</subfield>
  </datafield>
  <datafield tag="859" ind1="4" ind2="0">
    <subfield code="3">Google, v.63 1900-1901 Nov-Apr</subfield>
    <subfield code="u">http://books.google.com/books?id=MJQCAAAAIAAJ</subfield>
  </datafield>
  <datafield tag="859" ind1="4" ind2="0">
    <subfield code="3">Google, v.35 1886-1887 Nov.-Apr.</subfield>
    <subfield code="u">http://books.google.com/books?id=PHkCAAAAIAAJ</subfield>
  </datafield>
  <datafield tag="859" ind1="4" ind2="0">
    <subfield code="3">Google, v.43 1890-1891 Nov-Apr</subfield>
    <subfield code="u">http://books.google.com/books?id=5HYCAAAAIAAJ</subfield>
  </datafield>
  <datafield tag="859" ind1="4" ind2="0">
    <subfield code="3">Google, v.218 1968 Apr-May</subfield>
    <subfield code="u">http://books.google.com/books?id=MjwDAAAAIAAJ</subfield>
  </datafield>
  <datafield tag="859" ind1="4" ind2="0">
    <subfield code="3">Google, v.76 1907 May-Oct</subfield>
    <subfield code="u">http://books.google.com/books?id=HogCAAAAIAAJ</subfield>
  </datafield>
  <datafield tag="859" ind1="4" ind2="0">
    <subfield code="3">Google, v.87 1911 Jul-Oct</subfield>
    <subfield code="u">http://books.google.com/books?id=DnUCAAAAIAAJ</subfield>
  </datafield>
  <datafield tag="859" ind1="4" ind2="0">
    <subfield code="3">Google, v.70 1904 May-Oct</subfield>
    <subfield code="u">http://books.google.com/books?id=Qn0CAAAAIAAJ</subfield>
  </datafield>
  <datafield tag="859" ind1="4" ind2="0">
    <subfield code="3">Google, v.44 1891 May-Oct</subfield>
    <subfield code="u">http://books.google.com/books?id=GHUCAAAAIAAJ</subfield>
  </datafield>
  <datafield tag="859" ind1="4" ind2="0">
    <subfield code="3">Google, v.226 1970 Apr</subfield>
    <subfield code="u">http://books.google.com/books?id=EDYDAAAAIAAJ</subfield>
  </datafield>
  <datafield tag="859" ind1="4" ind2="0">
    <subfield code="3">Google, v.209 1966 Mar</subfield>
    <subfield code="u">http://books.google.com/books?id=-NUCAAAAIAAJ</subfield>
  </datafield>
  <datafield tag="859" ind1="4" ind2="0">
    <subfield code="3">Google, v.105 1920 Mar-Aug</subfield>
    <subfield code="u">http://books.google.com/books?id=orMCAAAAIAAJ</subfield>
  </datafield>
  <datafield tag="859" ind1="4" ind2="0">
    <subfield code="3">Google, v.41 1889-1890 Nov-Apr</subfield>
    <subfield code="u">http://books.google.com/books?id=hnUCAAAAIAAJ</subfield>
  </datafield>
  <datafield tag="859" ind1="4" ind2="0">
    <subfield code="3">Google, v.49 1893-1894 Nov-Apr</subfield>
    <subfield code="u">http://books.google.com/books?id=FHkCAAAAIAAJ</subfield>
  </datafield>
  <datafield tag="859" ind1="4" ind2="0">
    <subfield code="3">Google, v.183 1959 Apr-Jun</subfield>
    <subfield code="u">http://books.google.com/books?id=JrICAAAAIAAJ</subfield>
  </datafield>
  <datafield tag="859" ind1="4" ind2="0">
    <subfield code="3">Google, v.79 1908-1909 Nov-Feb</subfield>
    <subfield code="u">http://books.google.com/books?id=NHcCAAAAIAAJ</subfield>
  </datafield>
  <datafield tag="859" ind1="4" ind2="0">
    <subfield code="3">Google, v.218 1968 Jun</subfield>
    <subfield code="u">http://books.google.com/books?id=MzwDAAAAIAAJ</subfield>
  </datafield>
  <datafield tag="859" ind1="4" ind2="0">
    <subfield code="3">Google, v.317 1985 Sep-Oct</subfield>
    <subfield code="u">http://books.google.com/books?id=34coAAAAMAAJ</subfield>
  </datafield>
  <datafield tag="859" ind1="4" ind2="0">
    <subfield code="3">Google, v.258 1975 Nov-Dec</subfield>
    <subfield code="u">http://books.google.com/books?id=eWsoAAAAMAAJ</subfield>
  </datafield>
  <datafield tag="859" ind1="4" ind2="0">
    <subfield code="3">Google, v.14 1876 May-Oct</subfield>
    <subfield code="u">http://books.google.com/books?id=YIQCAAAAIAAJ</subfield>
  </datafield>
  <datafield tag="859" ind1="4" ind2="0">
    <subfield code="3">Google, v.182 no.4637-4645 1958</subfield>
    <subfield code="u">http://books.google.com/books?id=Y5nQoC4LOZ8C</subfield>
  </datafield>
  <datafield tag="859" ind1="4" ind2="0">
    <subfield code="3">Google, v.205 1965 Feb</subfield>
    <subfield code="u">http://books.google.com/books?id=LNYCAAAAIAAJ</subfield>
  </datafield>
  <datafield tag="859" ind1="4" ind2="0">
    <subfield code="3">Google, v.90 1912-1913 Sep-Feb</subfield>
    <subfield code="u">http://books.google.com/books?id=jbUCAAAAIAAJ</subfield>
  </datafield>
  <datafield tag="859" ind1="4" ind2="0">
    <subfield code="3">Google, v.229 1971 Jan-Feb</subfield>
    <subfield code="u">http://books.google.com/books?id=cWQoAAAAMAAJ</subfield>
  </datafield>
  <datafield tag="859" ind1="4" ind2="0">
    <subfield code="3">Google, v.80 1909 Mar-Jun</subfield>
    <subfield code="u">http://books.google.com/books?id=NXcCAAAAIAAJ</subfield>
  </datafield>
  <datafield tag="859" ind1="4" ind2="0">
    <subfield code="3">Google, v.158 1946 Jul-Dec</subfield>
    <subfield code="u">http://books.google.com/books?id=RrwCAAAAIAAJ</subfield>
  </datafield>
  <datafield tag="859" ind1="4" ind2="0">
    <subfield code="3">Google, v.344 1990 Mar-Apr</subfield>
    <subfield code="u">http://books.google.com/books?id=s78oAAAAMAAJ</subfield>
  </datafield>
  <datafield tag="859" ind1="4" ind2="0">
    <subfield code="3">Google, v.167 no.4236-4248 1951</subfield>
    <subfield code="u">http://books.google.com/books?id=vNzUzGyU1RMC</subfield>
  </datafield>
  <datafield tag="859" ind1="4" ind2="0">
    <subfield code="3">Google, v.54 1896 May-Oct</subfield>
    <subfield code="u">http://books.google.com/books?id=Y4wCAAAAIAAJ</subfield>
  </datafield>
  <datafield tag="859" ind1="4" ind2="0">
    <subfield code="3">Google, v.307 1984 Jan-Feb</subfield>
    <subfield code="u">http://books.google.com/books?id=bWgoAAAAMAAJ</subfield>
  </datafield>
  <datafield tag="859" ind1="4" ind2="0">
    <subfield code="3">Google, v.96 1915-1916 Sep-Feb</subfield>
    <subfield code="u">http://books.google.com/books?id=WrwCAAAAIAAJ</subfield>
  </datafield>
  <datafield tag="859" ind1="4" ind2="0">
    <subfield code="3">Google, v.356 1992 Mar-Apr</subfield>
    <subfield code="u">http://books.google.com/books?id=2mooAAAAMAAJ</subfield>
  </datafield>
  <datafield tag="859" ind1="4" ind2="0">
    <subfield code="3">Google, v.27 Nov. 1882-Apr. 1883</subfield>
    <subfield code="u">http://books.google.com/books?id=gXsCAAAAIAAJ</subfield>
  </datafield>
  <datafield tag="859" ind1="4" ind2="0">
    <subfield code="3">Google, v.26 1882 May-Oct</subfield>
    <subfield code="u">http://books.google.com/books?id=P3kCAAAAIAAJ</subfield>
  </datafield>
  <datafield tag="859" ind1="4" ind2="0">
    <subfield code="3">Google, v.88 1911-1912 Nov-Feb</subfield>
    <subfield code="u">http://books.google.com/books?id=frECAAAAIAAJ</subfield>
  </datafield>
  <datafield tag="859" ind1="4" ind2="0">
    <subfield code="3">Google, v.284 1980</subfield>
    <subfield code="u">http://books.google.com/books?id=2qEoAAAAMAAJ</subfield>
  </datafield>
  <datafield tag="859" ind1="4" ind2="0">
    <subfield code="3">Google, v.86 1911 Mar-Jun</subfield>
    <subfield code="u">http://books.google.com/books?id=D3UCAAAAIAAJ</subfield>
  </datafield>
  <datafield tag="859" ind1="4" ind2="0">
    <subfield code="3">Google, v.91 1913 Mar-Aug</subfield>
    <subfield code="u">http://books.google.com/books?id=jrUCAAAAIAAJ</subfield>
  </datafield>
  <datafield tag="859" ind1="4" ind2="0">
    <subfield code="3">Google, v.162 1948 Jul-Dec</subfield>
    <subfield code="u">http://books.google.com/books?id=BbsCAAAAIAAJ</subfield>
  </datafield>
  <datafield tag="859" ind1="4" ind2="0">
    <subfield code="3">Google, v.179 no.4549-4562 1957</subfield>
    <subfield code="u">http://books.google.com/books?id=p03Y5GFLzUUC</subfield>
  </datafield>
  <datafield tag="859" ind1="4" ind2="0">
    <subfield code="3">Google, v.161 1948 Jan-Jun</subfield>
    <subfield code="u">http://books.google.com/books?id=wr0CAAAAIAAJ</subfield>
  </datafield>
  <datafield tag="859" ind1="4" ind2="0">
    <subfield code="3">Google, v.325 1987 Jan-Feb</subfield>
    <subfield code="u">http://books.google.com/books?id=6pYoAAAAMAAJ</subfield>
  </datafield>
  <datafield tag="859" ind1="4" ind2="0">
    <subfield code="3">Google, v.106 1920-1921 Sep-Feb</subfield>
    <subfield code="u">http://books.google.com/books?id=o7MCAAAAIAAJ</subfield>
  </datafield>
  <datafield tag="859" ind1="4" ind2="0">
    <subfield code="3">Google, v.89 1912 Mar-Aug</subfield>
    <subfield code="u">http://books.google.com/books?id=t7MCAAAAIAAJ</subfield>
  </datafield>
  <datafield tag="859" ind1="4" ind2="0">
    <subfield code="3">Google, v.181 no.4619-4626 1958</subfield>
    <subfield code="u">http://books.google.com/books?id=efI3Pds5MJkC</subfield>
  </datafield>
  <datafield tag="859" ind1="4" ind2="0">
    <subfield code="3">Google, v.67 1902-1903 Nov-Apr</subfield>
    <subfield code="u">http://books.google.com/books?id=M3kCAAAAIAAJ</subfield>
  </datafield>
  <datafield tag="859" ind1="4" ind2="0">
    <subfield code="3">Google, v.225 1970 Mar</subfield>
    <subfield code="u">http://books.google.com/books?id=ZDQDAAAAIAAJ</subfield>
  </datafield>
  <datafield tag="859" ind1="4" ind2="0">
    <subfield code="3">Google, v.314 1985 Mar-Apr</subfield>
    <subfield code="u">http://books.google.com/books?id=fKAoAAAAMAAJ</subfield>
  </datafield>
  <datafield tag="859" ind1="4" ind2="0">
    <subfield code="3">Google, v.276</subfield>
    <subfield code="u">http://books.google.com/books?id=z6EoAAAAMAAJ</subfield>
  </datafield>
  <datafield tag="859" ind1="4" ind2="0">
    <subfield code="3">Google, v.312 1984 Nov-Dec</subfield>
    <subfield code="u">http://books.google.com/books?id=y24oAAAAMAAJ</subfield>
  </datafield>
  <datafield tag="859" ind1="4" ind2="0">
    <subfield code="3">Google, v.291 1981 May-Jun</subfield>
    <subfield code="u">http://books.google.com/books?id=46EoAAAAMAAJ</subfield>
  </datafield>
  <datafield tag="859" ind1="4" ind2="0">
    <subfield code="3">Google, v.107 1921 Mar-Aug</subfield>
    <subfield code="u">http://books.google.com/books?id=pLMCAAAAIAAJ</subfield>
  </datafield>
  <datafield tag="859" ind1="4" ind2="0">
    <subfield code="3">Google, v.355 1992 Jan-Feb</subfield>
    <subfield code="u">http://books.google.com/books?id=l2goAAAAMAAJ</subfield>
  </datafield>
  <datafield tag="859" ind1="4" ind2="0">
    <subfield code="3">Google, v.350 1991 Mar-Apr</subfield>
    <subfield code="u">http://books.google.com/books?id=T3coAAAAMAAJ</subfield>
  </datafield>
  <datafield tag="859" ind1="4" ind2="0">
    <subfield code="3">Google, v.204 1964 Oct</subfield>
    <subfield code="u">http://books.google.com/books?id=D9kCAAAAIAAJ</subfield>
  </datafield>
  <datafield tag="859" ind1="4" ind2="0">
    <subfield code="3">Google, v.296 1982 Apr-May 5</subfield>
    <subfield code="u">http://books.google.com/books?id=80QqAAAAMAAJ</subfield>
  </datafield>
  <datafield tag="859" ind1="4" ind2="0">
    <subfield code="3">Google, v.279 1979 May-Jun</subfield>
    <subfield code="u">http://books.google.com/books?id=0KEoAAAAMAAJ</subfield>
  </datafield>
  <datafield tag="859" ind1="4" ind2="0">
    <subfield code="3">Google, v.5 1871-1872 Nov-Apr</subfield>
    <subfield code="u">http://books.google.com/books?id=MJYCAAAAIAAJ</subfield>
  </datafield>
  <datafield tag="859" ind1="4" ind2="0">
    <subfield code="3">Google, v.292 1981 Jul-Aug</subfield>
    <subfield code="u">http://books.google.com/books?id=5KEoAAAAMAAJ</subfield>
  </datafield>
  <datafield tag="859" ind1="4" ind2="0">
    <subfield code="3">Google, v.175 no.4444-4456 1955</subfield>
    <subfield code="u">http://books.google.com/books?id=KgXj-G5qP1QC</subfield>
  </datafield>
  <datafield tag="859" ind1="4" ind2="0">
    <subfield code="3">Google, v.229 1971 Jan-Feb</subfield>
    <subfield code="u">http://books.google.com/books?id=tGMoAAAAMAAJ</subfield>
  </datafield>
  <datafield tag="859" ind1="4" ind2="0">
    <subfield code="3">Google, v.174 no.4433-4443 1954</subfield>
    <subfield code="u">http://books.google.com/books?id=ommcecZ4iGUC</subfield>
  </datafield>
  <datafield tag="859" ind1="4" ind2="0">
    <subfield code="3">Google, v.351 1991 May-Jun</subfield>
    <subfield code="u">http://books.google.com/books?id=uXEoAAAAMAAJ</subfield>
  </datafield>
  <datafield tag="859" ind1="4" ind2="0">
    <subfield code="3">Google, v.320 1986</subfield>
    <subfield code="u">http://books.google.com/books?id=uitVAAAAMAAJ</subfield>
  </datafield>
  <datafield tag="859" ind1="4" ind2="0">
    <subfield code="3">Google, v.285 1980</subfield>
    <subfield code="u">http://books.google.com/books?id=26EoAAAAMAAJ</subfield>
  </datafield>
  <datafield tag="859" ind1="4" ind2="0">
    <subfield code="3">Google, v.353 1991</subfield>
    <subfield code="u">http://books.google.com/books?id=j0JVAAAAMAAJ</subfield>
  </datafield>
  <datafield tag="859" ind1="4" ind2="0">
    <subfield code="3">Google</subfield>
    <subfield code="u">http://books.google.com/books?id=T2T8O-8kG4EC</subfield>
  </datafield>
  <datafield tag="859" ind1="4" ind2="0">
    <subfield code="3">Google</subfield>
    <subfield code="u">http://books.google.com/books?id=XonDJ2dRw3UC</subfield>
  </datafield>
  <datafield tag="859" ind1="4" ind2="0">
    <subfield code="3">Google</subfield>
    <subfield code="u">http://books.google.com/books?id=7R7217Y7OlwC</subfield>
  </datafield>
  <datafield tag="859" ind1="4" ind2="0">
    <subfield code="3">Google</subfield>
    <subfield code="u">http://books.google.com/books?id=lZrt8x20dmsC</subfield>
  </datafield>
  <datafield tag="859" ind1="4" ind2="0">
    <subfield code="3">Google</subfield>
    <subfield code="u">http://books.google.com/books?id=0ZDpN0WMa6YC</subfield>
  </datafield>
  <datafield tag="859" ind1="4" ind2="0">
    <subfield code="3">Google</subfield>
    <subfield code="u">http://books.google.com/books?id=3pfcV3WrvEAC</subfield>
  </datafield>
  <datafield tag="859" ind1="4" ind2="0">
    <subfield code="3">Google</subfield>
    <subfield code="u">http://books.google.com/books?id=vz_V5qQXAGoC</subfield>
  </datafield>
  <datafield tag="859" ind1="4" ind2="0">
    <subfield code="3">Google</subfield>
    <subfield code="u">http://books.google.com/books?id=ELSLLd8eNfUC</subfield>
  </datafield>
  <datafield tag="859" ind1="4" ind2="0">
    <subfield code="3">Google</subfield>
    <subfield code="u">http://books.google.com/books?id=IEql6iAV2w0C</subfield>
  </datafield>
  <datafield tag="859" ind1="4" ind2="0">
    <subfield code="3">Google</subfield>
    <subfield code="u">http://books.google.com/books?id=3an86cqa8lEC</subfield>
  </datafield>
  <datafield tag="859" ind1="4" ind2="0">
    <subfield code="3">Google</subfield>
    <subfield code="u">http://books.google.com/books?id=MIeBjZjBSv4C</subfield>
  </datafield>
  <datafield tag="859" ind1="4" ind2="0">
    <subfield code="3">Google</subfield>
    <subfield code="u">http://books.google.com/books?id=17hxlFSZlcUC</subfield>
  </datafield>
  <datafield tag="859" ind1="4" ind2="0">
    <subfield code="3">Google</subfield>
    <subfield code="u">http://books.google.com/books?id=C1pL6ncgdQYC</subfield>
  </datafield>
  <datafield tag="859" ind1="4" ind2="0">
    <subfield code="3">Google</subfield>
    <subfield code="u">http://books.google.com/books?id=8QJNorGNdEkC</subfield>
  </datafield>
  <datafield tag="859" ind1="4" ind2="0">
    <subfield code="3">Google</subfield>
    <subfield code="u">http://books.google.com/books?id=J6nPhK5832MC</subfield>
  </datafield>
  <datafield tag="859" ind1="4" ind2="0">
    <subfield code="3">Google</subfield>
    <subfield code="u">http://books.google.com/books?id=uGVbE3OzzEYC</subfield>
  </datafield>
  <datafield tag="859" ind1="4" ind2="0">
    <subfield code="3">Google</subfield>
    <subfield code="u">http://books.google.com/books?id=Zf-KAj6rw_0C</subfield>
  </datafield>
  <datafield tag="859" ind1="4" ind2="0">
    <subfield code="3">Google</subfield>
    <subfield code="u">http://books.google.com/books?id=nr5nWNJxDxsC</subfield>
  </datafield>
  <datafield tag="859" ind1="4" ind2="0">
    <subfield code="3">Google</subfield>
    <subfield code="u">http://books.google.com/books?id=Z5fw8ec_6JUC</subfield>
  </datafield>
  <datafield tag="859" ind1="4" ind2="0">
    <subfield code="3">Google</subfield>
    <subfield code="u">http://books.google.com/books?id=w1jAnKZKrEUC</subfield>
  </datafield>
  <datafield tag="859" ind1="4" ind2="0">
    <subfield code="3">Google</subfield>
    <subfield code="u">http://books.google.com/books?id=CMjj_bYLWLoC</subfield>
  </datafield>
  <datafield tag="859" ind1="4" ind2="0">
    <subfield code="3">Google</subfield>
    <subfield code="u">http://books.google.com/books?id=C9FkOPSPme0C</subfield>
  </datafield>
  <datafield tag="859" ind1="4" ind2="0">
    <subfield code="3">Google</subfield>
    <subfield code="u">http://books.google.com/books?id=lVZGAQAAMAAJ</subfield>
  </datafield>
  <datafield tag="859" ind1="4" ind2="0">
    <subfield code="3">Google</subfield>
    <subfield code="u">http://books.google.com/books?id=AuAEeQIyWRkC</subfield>
  </datafield>
  <datafield tag="859" ind1="4" ind2="0">
    <subfield code="3">Google</subfield>
    <subfield code="u">http://books.google.com/books?id=lRNAAQAAMAAJ</subfield>
  </datafield>
  <datafield tag="859" ind1="4" ind2="0">
    <subfield code="3">Google</subfield>
    <subfield code="u">http://books.google.com/books?id=t1xGAQAAMAAJ</subfield>
  </datafield>
  <datafield tag="859" ind1="4" ind2="0">
    <subfield code="3">Google</subfield>
    <subfield code="u">http://books.google.com/books?id=MaqMa0LN2T4C</subfield>
  </datafield>
  <datafield tag="859" ind1="4" ind2="0">
    <subfield code="3">Google</subfield>
    <subfield code="u">http://books.google.com/books?id=m0XLWaMveBQC</subfield>
  </datafield>
  <datafield tag="859" ind1="4" ind2="0">
    <subfield code="3">HathiTrust Digital Library Limited view (search only)</subfield>
    <subfield code="u">http://catalog.hathitrust.org/api/volumes/oclc/1586310.html</subfield>
  </datafield>
  <datafield tag="859" ind1="4" ind2="0">
    <subfield code="u">http://www.nature.com/nature/</subfield>
  </datafield>
  <datafield tag="859" ind1="4" ind2="0">
    <subfield code="3">Google</subfield>
    <subfield code="u">http://books.google.com/books?id=VGVJjQJdkMYC</subfield>
  </datafield>
  <datafield tag="859" ind1="4" ind2="0">
    <subfield code="3">Google</subfield>
    <subfield code="u">http://books.google.com/books?id=4KNbtZhz4sAC</subfield>
  </datafield>
  <datafield tag="859" ind1="4" ind2="0">
    <subfield code="3">Google</subfield>
    <subfield code="u">http://books.google.com/books?id=294SvQuUXnUC</subfield>
  </datafield>
  <datafield tag="859" ind1="4" ind2="0">
    <subfield code="3">Google</subfield>
    <subfield code="u">http://books.google.com/books?id=HVmsKUGC0bQC</subfield>
  </datafield>
  <datafield tag="859" ind1="4" ind2="0">
    <subfield code="3">Google</subfield>
    <subfield code="u">http://books.google.com/books?id=QaNWSU7wfhMC</subfield>
  </datafield>
  <datafield tag="859" ind1="4" ind2="0">
    <subfield code="3">Google</subfield>
    <subfield code="u">http://books.google.com/books?id=FmvjL6jtAeEC</subfield>
  </datafield>
  <datafield tag="859" ind1="4" ind2="0">
    <subfield code="3">Google</subfield>
    <subfield code="u">http://books.google.com/books?id=BCks7mGpp8oC</subfield>
  </datafield>
  <datafield tag="859" ind1="4" ind2="0">
    <subfield code="3">Google</subfield>
    <subfield code="u">http://books.google.com/books?id=-hFAAQAAMAAJ</subfield>
  </datafield>
  <datafield tag="906" ind1=" " ind2=" ">
    <subfield code="a">7</subfield>
    <subfield code="b">cbc</subfield>
    <subfield code="c">sercoop</subfield>
    <subfield code="d">2</subfield>
    <subfield code="e">ncip</subfield>
    <subfield code="f">20</subfield>
    <subfield code="g">n-oclcserc</subfield>
  </datafield>
  <datafield tag="925" ind1="0" ind2=" ">
    <subfield code="a">acquire</subfield>
    <subfield code="e">edeposit</subfield>
    <subfield code="x">policy default</subfield>
  </datafield>
  <datafield tag="955" ind1=" " ind2=" ">
    <subfield code="a">rh00 2017-11-08</subfield>
    <subfield code="i">rh25 2019-12-30</subfield>
  </datafield>
  <datafield tag="985" ind1=" " ind2=" ">
    <subfield code="d">20180328</subfield>
    <subfield code="e">edeposit SR16233496295</subfield>
  </datafield>
</record>