
<record>
  <leader>03414cas a2200673 i 4500</leader>
  <controlfield tag="001">20133980</controlfield>
  <controlfield tag="005">20200101075655.0</controlfield>
  <controlfield tag="006">m     o  d        </controlfield>
  <controlfield tag="007">cr un|||||||||</controlfield>
  <controlfield tag="008">171108c19809999ii qx pso     0   a0eng  </controlfield>
  <datafield tag="010" ind1=" " ind2=" ">
    <subfield code="a">  2019204199</subfield>
  </datafield>
  <datafield tag="022" ind1=" " ind2=" ">
    <subfield code="a">0973-7685</subfield>
    <subfield code="l">0253-4142</subfield>
  </datafield>
  <datafield tag="030" ind1=" " ind2=" ">
    <subfield code="a">PIAMDO</subfield>
  </datafield>
  <datafield tag="035" ind1=" " ind2=" ">
    <subfield code="a">(OCoLC)ocm60638731 </subfield>
  </datafield>
  <datafield tag="037" ind1=" " ind2=" ">
    <subfield code="b">Indian Academy of Sciences, Bangalore 560 080, India</subfield>
  </datafield>
  <datafield tag="040" ind1=" " ind2=" ">
    <subfield code="a">OCLCS</subfield>
    <subfield code="b">eng</subfield>
    <subfield code="e">rda</subfield>
    <subfield code="e">pn</subfield>
    <subfield code="c">OCLCS</subfield>
    <subfield code="d">TXJ</subfield>
    <subfield code="d">CIT</subfield>
    <subfield code="d">OCLCQ</subfield>
    <subfield code="d">OCLCF</subfield>
    <subfield code="d">OUN</subfield>
    <subfield code="d">TXA</subfield>
    <subfield code="d">HUA</subfield>
    <subfield code="d">OCLCO</subfield>
    <subfield code="d">NTE</subfield>
    <subfield code="d">OCLCQ</subfield>
    <subfield code="d">OCLCE</subfield>
    <subfield code="d">BUF</subfield>
    <subfield code="d">DKDLA</subfield>
    <subfield code="d">OCLCQ</subfield>
    <subfield code="d">CCO</subfield>
    <subfield code="d">UAB</subfield>
    <subfield code="d">FIE</subfield>
    <subfield code="d">WT2</subfield>
    <subfield code="d">WY@</subfield>
    <subfield code="d">OCLCO</subfield>
    <subfield code="d">OCLCQ</subfield>
    <subfield code="d">OCLCA</subfield>
    <subfield code="d">NJT</subfield>
    <subfield code="d">OCLCO</subfield>
    <subfield code="d">DLC</subfield>
    <subfield code="d">OCLCA</subfield>
    <subfield code="d">CUS</subfield>
  </datafield>
  <datafield tag="042" ind1=" " ind2=" ">
    <subfield code="a">dlr</subfield>
    <subfield code="a">pcc</subfield>
  </datafield>
  <datafield tag="050" ind1="0" ind2="0">
    <subfield code="a">QA11.A1</subfield>
  </datafield>
  <datafield tag="082" ind1="0" ind2="4">
    <subfield code="a">510/.5</subfield>
    <subfield code="2">19</subfield>
  </datafield>
  <datafield tag="210" ind1="1" ind2=" ">
    <subfield code="a">Proc. Math. Sci</subfield>
    <subfield code="b">(Online)</subfield>
  </datafield>
  <datafield tag="222" ind1=" " ind2="0">
    <subfield code="a">Proceedings of mathematical science</subfield>
    <subfield code="b">(Online)</subfield>
  </datafield>
  <datafield tag="245" ind1="0" ind2="0">
    <subfield code="a">Proceedings.</subfield>
    <subfield code="p">Mathematical sciences.</subfield>
  </datafield>
  <datafield tag="246" ind1="3" ind2="0">
    <subfield code="a">Mathematical sciences</subfield>
  </datafield>
  <datafield tag="246" ind1="1" ind2="3">
    <subfield code="a">Proceedings of the Indian Academy of Sciences.</subfield>
    <subfield code="p">Mathematical sciences</subfield>
  </datafield>
  <datafield tag="264" ind1=" " ind2="1">
    <subfield code="a">Bangalore :</subfield>
    <subfield code="b">Indian Academy of Sciences</subfield>
  </datafield>
  <datafield tag="300" ind1=" " ind2=" ">
    <subfield code="a">1 online resource</subfield>
  </datafield>
  <datafield tag="310" ind1=" " ind2=" ">
    <subfield code="a">Five issues yearly,</subfield>
    <subfield code="b">2009-</subfield>
  </datafield>
  <datafield tag="321" ind1=" " ind2=" ">
    <subfield code="a">Quarterly,</subfield>
    <subfield code="b">&lt;Aug. 1996-&gt;2008</subfield>
  </datafield>
  <datafield tag="321" ind1=" " ind2=" ">
    <subfield code="a">Three issues yearly,</subfield>
    <subfield code="b">Jan. 1980-</subfield>
  </datafield>
  <datafield tag="336" ind1=" " ind2=" ">
    <subfield code="a">text</subfield>
    <subfield code="b">txt</subfield>
    <subfield code="2">rdacontent</subfield>
  </datafield>
  <datafield tag="337" ind1=" " ind2=" ">
    <subfield code="a">computer</subfield>
    <subfield code="b">c</subfield>
    <subfield code="2">rdamedia</subfield>
  </datafield>
  <datafield tag="338" ind1=" " ind2=" ">
    <subfield code="a">online resource</subfield>
    <subfield code="b">cr</subfield>
    <subfield code="2">rdacarrier</subfield>
  </datafield>
  <datafield tag="362" ind1="1" ind2=" ">
    <subfield code="a">Began with: Volume 89, issue 1 (January 1980).</subfield>
  </datafield>
  <datafield tag="500" ind1=" " ind2=" ">
    <subfield code="a">Springer website also shows volumes for previous title.</subfield>
  </datafield>
  <datafield tag="533" ind1=" " ind2=" ">
    <subfield code="a">Electronic reproduction.</subfield>
    <subfield code="b">[S.l.] :</subfield>
    <subfield code="c">HathiTrust Digital Library,</subfield>
    <subfield code="d">2010.</subfield>
    <subfield code="5">MiAaHDL</subfield>
  </datafield>
  <datafield tag="538" ind1=" " ind2=" ">
    <subfield code="a">Master and use copy. Digital master created according to Benchmark for Faithful Digital Reproductions of Monographs and Serials, Version 1. Digital Library Federation, December 2002.</subfield>
    <subfield code="u">http://purl.oclc.org/DLF/benchrepro0212</subfield>
    <subfield code="5">MiAaHDL</subfield>
  </datafield>
  <datafield tag="583" ind1="1" ind2=" ">
    <subfield code="a">digitized</subfield>
    <subfield code="c">2010</subfield>
    <subfield code="h">HathiTrust Digital Library</subfield>
    <subfield code="l">committed to preserve</subfield>
    <subfield code="2">pda</subfield>
    <subfield code="5">MiAaHDL</subfield>
  </datafield>
  <datafield tag="588" ind1=" " ind2=" ">
    <subfield code="a">Description based on: Volume 89, issue 1(January 1980); title from journal home page (SpringerLink website, viewed May 15, 2019).</subfield>
  </datafield>
  <datafield tag="588" ind1=" " ind2=" ">
    <subfield code="a">Latest issue consulted: Volume 129, issue 3 (June 2019) (SpringerLink website, viewed May 15, 2019).</subfield>
  </datafield>
  <datafield tag="650" ind1=" " ind2="0">
    <subfield code="a">Mathematics</subfield>
    <subfield code="v">Periodicals.</subfield>
  </datafield>
  <datafield tag="650" ind1=" " ind2="7">
    <subfield code="a">Mathematics.</subfield>
    <subfield code="2">fast</subfield>
    <subfield code="0">(OCoLC)fst01012163</subfield>
  </datafield>
  <datafield tag="650" ind1=" " ind2="2">
    <subfield code="a">Science.</subfield>
  </datafield>
  <datafield tag="655" ind1=" " ind2="0">
    <subfield code="a">Electronic journals.</subfield>
  </datafield>
  <datafield tag="655" ind1=" " ind2="2">
    <subfield code="a">Periodical.</subfield>
  </datafield>
  <datafield tag="655" ind1=" " ind2="4">
    <subfield code="a">Computer network resources.</subfield>
  </datafield>
  <datafield tag="655" ind1=" " ind2="7">
    <subfield code="a">Periodicals.</subfield>
    <subfield code="2">fast</subfield>
    <subfield code="0">(OCoLC)fst01411641</subfield>
  </datafield>
  <datafield tag="710" ind1="2" ind2=" ">
    <subfield code="a">Indian Academy of Sciences,</subfield>
    <subfield code="e">publisher.</subfield>
  </datafield>
  <datafield tag="776" ind1="0" ind2="8">
    <subfield code="i">Print version:</subfield>
    <subfield code="t">Proceedings. Mathematical sciences</subfield>
    <subfield code="x">0253-4142</subfield>
    <subfield code="w">(DLC)   85644803</subfield>
    <subfield code="w">(OCoLC)6748514</subfield>
  </datafield>
  <datafield tag="780" ind1="0" ind2="0">
    <subfield code="t">Proceedings. A, Mathematical sciences</subfield>
  </datafield>
  <datafield tag="850" ind1=" " ind2=" ">
    <subfield code="a">DLC</subfield>
  </datafield>
  <datafield tag="859" ind1="4" ind2="0">
    <subfield code="3">Full text available 5/1/2006 - .</subfield>
    <subfield code="u">http://search.ebscohost.com/direct.asp?db=a9h&amp;jid=%221CZZ%22&amp;scope=site&amp;LoginPage=cpidlogin.asp&amp;custID=s9204635</subfield>
    <subfield code="z">Available on EBSCOhost.</subfield>
  </datafield>
  <datafield tag="859" ind1="4" ind2="0">
    <subfield code="3">HathiTrust Digital Library</subfield>
    <subfield code="u">http://catalog.hathitrust.org/api/volumes/oclc/6748514.html</subfield>
  </datafield>
  <datafield tag="859" ind1="4" ind2="0">
    <subfield code="u">http://www.ias.ac.in/mathsci/</subfield>
  </datafield>
  <datafield tag="859" ind1="4" ind2="0">
    <subfield code="u">http://link.springer.com/journal/volumesAndIssues/12044</subfield>
  </datafield>
  <datafield tag="859" ind1="4" ind2="0">
    <subfield code="u">http://springerlink.metapress.com/openurl.asp?genre=journal&amp;issn=0253-4142</subfield>
    <subfield code="x">58</subfield>
    <subfield code="z">Click to start searching via Springer - LINK</subfield>
  </datafield>
  <datafield tag="906" ind1=" " ind2=" ">
    <subfield code="a">7</subfield>
    <subfield code="b">cbc</subfield>
    <subfield code="c">serasst</subfield>
    <subfield code="d">2</subfield>
    <subfield code="e">ncip</subfield>
    <subfield code="f">20</subfield>
    <subfield code="g">n-oclcserc</subfield>
  </datafield>
  <datafield tag="925" ind1="0" ind2=" ">
    <subfield code="a">acquire</subfield>
    <subfield code="e">edeposit</subfield>
    <subfield code="x">policy default</subfield>
  </datafield>
  <datafield tag="955" ind1=" " ind2=" ">
    <subfield code="a">rh00 2017-11-08</subfield>
    <subfield code="i">rh25 2019-05-15</subfield>
  </datafield>
  <datafield tag="985" ind1=" " ind2=" ">
    <subfield code="d">20180301</subfield>
    <subfield code="e">edeposit SR16161951086</subfield>
  </datafield>
</record>