
<record>
  <leader>02166cas a2200517 i 4500</leader>
  <controlfield tag="001">20133998</controlfield>
  <controlfield tag="005">20200101075703.0</controlfield>
  <controlfield tag="006">m     o  d        </controlfield>
  <controlfield tag="007">cr |||||||||||</controlfield>
  <controlfield tag="008">171108c20149999au bx p o     0   a0ger  </controlfield>
  <datafield tag="010" ind1=" " ind2=" ">
    <subfield code="a">  2018207398</subfield>
  </datafield>
  <datafield tag="022" ind1=" " ind2=" ">
    <subfield code="a">2197-9715</subfield>
    <subfield code="l">2197-9707</subfield>
    <subfield code="y">2197-9707</subfield>
  </datafield>
  <datafield tag="035" ind1=" " ind2=" ">
    <subfield code="a">(OCoLC)ocn874061804</subfield>
  </datafield>
  <datafield tag="037" ind1=" " ind2=" ">
    <subfield code="b">Springer Wien, Prinz-Eugen-Str 8-10, Wien, W 1040 Austria</subfield>
  </datafield>
  <datafield tag="040" ind1=" " ind2=" ">
    <subfield code="a">SUC</subfield>
    <subfield code="b">eng</subfield>
    <subfield code="e">rda</subfield>
    <subfield code="e">pn</subfield>
    <subfield code="c">SUC</subfield>
    <subfield code="d">OCLCO</subfield>
    <subfield code="d">TXA</subfield>
    <subfield code="d">OCLCO</subfield>
    <subfield code="d">OCLCF</subfield>
    <subfield code="d">OCLCO</subfield>
    <subfield code="d">UAB</subfield>
    <subfield code="d">U3W</subfield>
    <subfield code="d">OCLCQ</subfield>
    <subfield code="d">VYL</subfield>
    <subfield code="d">DEHBZ</subfield>
    <subfield code="d">VT2</subfield>
    <subfield code="d">WYU</subfield>
    <subfield code="d">LVT</subfield>
    <subfield code="d">DLC</subfield>
    <subfield code="d">OCLCQ</subfield>
    <subfield code="d">CUS</subfield>
  </datafield>
  <datafield tag="042" ind1=" " ind2=" ">
    <subfield code="a">pcc</subfield>
  </datafield>
  <datafield tag="050" ind1="0" ind2="0">
    <subfield code="a">RC321</subfield>
  </datafield>
  <datafield tag="222" ind1=" " ind2="0">
    <subfield code="a">Psychopraxis. Neuropraxis</subfield>
    <subfield code="b">(Internet)</subfield>
  </datafield>
  <datafield tag="245" ind1="0" ind2="0">
    <subfield code="a">Psychopraxis. Neuropraxis.</subfield>
  </datafield>
  <datafield tag="264" ind1=" " ind2="1">
    <subfield code="a">Vienna :</subfield>
    <subfield code="b">Springer-Verlag,</subfield>
    <subfield code="c">[2014]-</subfield>
  </datafield>
  <datafield tag="264" ind1=" " ind2="4">
    <subfield code="c">©2014-</subfield>
  </datafield>
  <datafield tag="300" ind1=" " ind2=" ">
    <subfield code="a">1 online resource</subfield>
  </datafield>
  <datafield tag="310" ind1=" " ind2=" ">
    <subfield code="a">Six issues per year</subfield>
  </datafield>
  <datafield tag="336" ind1=" " ind2=" ">
    <subfield code="a">text</subfield>
    <subfield code="b">txt</subfield>
    <subfield code="2">rdacontent</subfield>
  </datafield>
  <datafield tag="337" ind1=" " ind2=" ">
    <subfield code="a">computer</subfield>
    <subfield code="b">c</subfield>
    <subfield code="2">rdamedia</subfield>
  </datafield>
  <datafield tag="338" ind1=" " ind2=" ">
    <subfield code="a">online resource</subfield>
    <subfield code="b">cr</subfield>
    <subfield code="2">rdacarrier</subfield>
  </datafield>
  <datafield tag="362" ind1="1" ind2=" ">
    <subfield code="a">Began with: Volume 17, Issue 1 (February 2014).</subfield>
  </datafield>
  <datafield tag="506" ind1=" " ind2=" ">
    <subfield code="a">Access restricted to authorized users and institutions.</subfield>
  </datafield>
  <datafield tag="588" ind1=" " ind2=" ">
    <subfield code="a">Description based on: Volume 17, Issue 1 (February 2014); title from journal home page (Springer, viewed March 20, 2014).</subfield>
  </datafield>
  <datafield tag="588" ind1=" " ind2=" ">
    <subfield code="a">Latest issue consulted: Volume 21, Issue 6 (December 2018) (SpringerLink, viewed January 23, 2019).</subfield>
  </datafield>
  <datafield tag="650" ind1=" " ind2="0">
    <subfield code="a">Psychiatry</subfield>
    <subfield code="v">Periodicals.</subfield>
  </datafield>
  <datafield tag="650" ind1=" " ind2="0">
    <subfield code="a">Psychotherapy</subfield>
    <subfield code="v">Periodicals.</subfield>
  </datafield>
  <datafield tag="650" ind1=" " ind2="0">
    <subfield code="a">Neuropsychiatry</subfield>
    <subfield code="v">Periodicals.</subfield>
  </datafield>
  <datafield tag="650" ind1=" " ind2="7">
    <subfield code="a">Neuropsychiatry.</subfield>
    <subfield code="2">fast</subfield>
    <subfield code="0">(OCoLC)fst01036481</subfield>
  </datafield>
  <datafield tag="650" ind1=" " ind2="7">
    <subfield code="a">Psychiatry.</subfield>
    <subfield code="2">fast</subfield>
    <subfield code="0">(OCoLC)fst01081152</subfield>
  </datafield>
  <datafield tag="650" ind1=" " ind2="7">
    <subfield code="a">Psychotherapy.</subfield>
    <subfield code="2">fast</subfield>
    <subfield code="0">(OCoLC)fst01081755</subfield>
  </datafield>
  <datafield tag="655" ind1=" " ind2="0">
    <subfield code="a">Electronic journals.</subfield>
  </datafield>
  <datafield tag="655" ind1=" " ind2="7">
    <subfield code="a">Periodicals.</subfield>
    <subfield code="2">fast</subfield>
    <subfield code="0">(OCoLC)fst01411641</subfield>
  </datafield>
  <datafield tag="776" ind1="0" ind2="8">
    <subfield code="i">Print version: Psychopraxis. Neuropraxis</subfield>
    <subfield code="x">2197-9707</subfield>
    <subfield code="w">(DLC)  2014243433</subfield>
    <subfield code="w">(OCoLC)881046145</subfield>
  </datafield>
  <datafield tag="780" ind1="0" ind2="0">
    <subfield code="t">Psychopraxis (Online)</subfield>
    <subfield code="x">1613-7590</subfield>
    <subfield code="w">(OCoLC)60626946</subfield>
  </datafield>
  <datafield tag="850" ind1=" " ind2=" ">
    <subfield code="a">DLC</subfield>
  </datafield>
  <datafield tag="859" ind1="4" ind2="0">
    <subfield code="u">https://link.springer.com/journal/739</subfield>
    <subfield code="z">2008 to present</subfield>
  </datafield>
  <datafield tag="906" ind1=" " ind2=" ">
    <subfield code="a">7</subfield>
    <subfield code="b">cbc</subfield>
    <subfield code="c">sercoop</subfield>
    <subfield code="d">2</subfield>
    <subfield code="e">ncip</subfield>
    <subfield code="f">20</subfield>
    <subfield code="g">n-oclcserc</subfield>
  </datafield>
  <datafield tag="925" ind1="0" ind2=" ">
    <subfield code="a">acquire</subfield>
    <subfield code="e">edeposit</subfield>
    <subfield code="x">policy default</subfield>
  </datafield>
  <datafield tag="955" ind1=" " ind2=" ">
    <subfield code="a">rh00 2017-11-08</subfield>
    <subfield code="i">rj18 2019-01-23</subfield>
  </datafield>
  <datafield tag="985" ind1=" " ind2=" ">
    <subfield code="d">20180301</subfield>
    <subfield code="e">edeposit SR16163925098</subfield>
  </datafield>
</record>