
<record>
  <leader>02389ckd a22003617a 4500</leader>
  <controlfield tag="001">20195812</controlfield>
  <controlfield tag="005">20200101213448.0</controlfield>
  <controlfield tag="007">cr |||||||||||</controlfield>
  <controlfield tag="007">kg |||</controlfield>
  <controlfield tag="008">070822s1925    xxunnn        |   kneng  </controlfield>
  <datafield tag="906" ind1=" " ind2=" ">
    <subfield code="a">0</subfield>
    <subfield code="b">cbc</subfield>
    <subfield code="c">orignew</subfield>
    <subfield code="d">u</subfield>
    <subfield code="e">ncip</subfield>
    <subfield code="f">20</subfield>
    <subfield code="g">y-printpho</subfield>
  </datafield>
  <datafield tag="035" ind1=" " ind2=" ">
    <subfield code="a">(DLC)npc2007013272</subfield>
  </datafield>
  <datafield tag="010" ind1=" " ind2=" ">
    <subfield code="a">  2016839541</subfield>
  </datafield>
  <datafield tag="037" ind1=" " ind2=" ">
    <subfield code="a">LC-DIG-npcc-13273</subfield>
    <subfield code="b">DLC</subfield>
    <subfield code="c">(digital file from original)</subfield>
  </datafield>
  <datafield tag="050" ind1="0" ind2="0">
    <subfield code="a">LC-F8-</subfield>
    <subfield code="b">34902</subfield>
  </datafield>
  <datafield tag="040" ind1=" " ind2=" ">
    <subfield code="a">DLC</subfield>
    <subfield code="c">DLC</subfield>
    <subfield code="e">gihc</subfield>
  </datafield>
  <datafield tag="245" ind1="0" ind2="0">
    <subfield code="a">Sumi and Sada Tamura, [3/28/25]</subfield>
    <subfield code="h">[graphic].</subfield>
  </datafield>
  <datafield tag="260" ind1=" " ind2=" ">
    <subfield code="c">[1925 March 28]</subfield>
  </datafield>
  <datafield tag="300" ind1=" " ind2=" ">
    <subfield code="a">1 negative :</subfield>
    <subfield code="b">glass ;</subfield>
    <subfield code="c">4 x 5 in. or smaller</subfield>
  </datafield>
  <datafield tag="500" ind1=" " ind2=" ">
    <subfield code="a">Caption label from exhibit of digital copy in &quot;Sakura&quot;: Bud and Blossom. This image comes from the Library&apos;s archive of the National Photo Company which, as a daily service to its subscribers, documented virtually all aspects of Washington, D.C., life during the administrations of Presidents Wilson, Harding, Coolidge, and Hoover. A nearly identical photograph from a series taken the same day was captioned: “Japanese bud and Japanese blossom Sumi and Sada, little daughters of the second secretary of the Japanese Embassy and Madam Teijirō Tamura, photographed today among the blossoms of cherry trees which surround the Tidal Basin.”</subfield>
  </datafield>
  <datafield tag="500" ind1=" " ind2=" ">
    <subfield code="a">Title from unverified data provided by the National Photo Company on the negative or negative sleeve.</subfield>
  </datafield>
  <datafield tag="500" ind1=" " ind2=" ">
    <subfield code="a">Date from related negative LC-F8-34905.</subfield>
  </datafield>
  <datafield tag="540" ind1=" " ind2=" ">
    <subfield code="a">No known restrictions on publication. For more information, see National Photo Company Collection - Rights and Restrictions Information</subfield>
    <subfield code="u">https://www.loc.gov/rr/print/res/275_npco.html</subfield>
  </datafield>
  <datafield tag="541" ind1=" " ind2=" ">
    <subfield code="c">Gift;</subfield>
    <subfield code="a">Herbert A. French;</subfield>
    <subfield code="d">1947.</subfield>
  </datafield>
  <datafield tag="545" ind1=" " ind2=" ">
    <subfield code="a">General information about the National Photo Company collection is available at</subfield>
    <subfield code="u">http://hdl.loc.gov/loc.pnp/pp.npco</subfield>
  </datafield>
  <datafield tag="583" ind1=" " ind2=" ">
    <subfield code="l">This glass negative might show streaks and other blemishes resulting from a natural deterioration in the original coatings.</subfield>
  </datafield>
  <datafield tag="655" ind1=" " ind2="7">
    <subfield code="a">Glass negatives.</subfield>
    <subfield code="2">gmgpc</subfield>
  </datafield>
  <datafield tag="773" ind1="0" ind2=" ">
    <subfield code="t">National Photo Company Collection (Library of Congress)</subfield>
    <subfield code="w">(DLC)  2005684470</subfield>
  </datafield>
  <datafield tag="856" ind1="4" ind2="1">
    <subfield code="3">digital file from original</subfield>
    <subfield code="d">npcc</subfield>
    <subfield code="f">13273</subfield>
    <subfield code="q">p</subfield>
    <subfield code="u">http://hdl.loc.gov/loc.pnp/npcc.13273</subfield>
  </datafield>
  <datafield tag="852" ind1=" " ind2=" ">
    <subfield code="a">Library of Congress</subfield>
    <subfield code="b">Prints and Photographs Division</subfield>
    <subfield code="e">Washington, D.C. 20540 USA</subfield>
    <subfield code="n">dcu</subfield>
    <subfield code="u">http://hdl.loc.gov/loc.pnp/pp.print</subfield>
  </datafield>
  <datafield tag="952" ind1=" " ind2=" ">
    <subfield code="a">Temp note: Batch three.</subfield>
  </datafield>
  <datafield tag="985" ind1=" " ind2=" ">
    <subfield code="a">pp/npco</subfield>
  </datafield>
  <datafield tag="985" ind1=" " ind2=" ">
    <subfield code="a">pp/diof</subfield>
  </datafield>
</record>