
<record>
  <leader>01984cam a2200421 i 4500</leader>
  <controlfield tag="001">20932025</controlfield>
  <controlfield tag="005">20200101214039.0</controlfield>
  <controlfield tag="008">190415s2012    ii ab    b    100 0 eng  </controlfield>
  <datafield tag="906" ind1=" " ind2=" ">
    <subfield code="a">7</subfield>
    <subfield code="b">cbc</subfield>
    <subfield code="c">origode</subfield>
    <subfield code="d">3</subfield>
    <subfield code="e">ncip</subfield>
    <subfield code="f">20</subfield>
    <subfield code="g">y-gencatlg</subfield>
  </datafield>
  <datafield tag="925" ind1="0" ind2=" ">
    <subfield code="a">acquire</subfield>
    <subfield code="b">1 shelf copy</subfield>
    <subfield code="x">policy default</subfield>
  </datafield>
  <datafield tag="955" ind1=" " ind2=" ">
    <subfield code="b">wd44 2019-04-13 to SELCOM</subfield>
    <subfield code="i">wd48 2019-12-26 to BCCD</subfield>
  </datafield>
  <datafield tag="010" ind1=" " ind2=" ">
    <subfield code="a">  2018330974</subfield>
  </datafield>
  <datafield tag="025" ind1=" " ind2=" ">
    <subfield code="a">I-E-2018330974</subfield>
  </datafield>
  <datafield tag="037" ind1=" " ind2=" ">
    <subfield code="b">Library of Congress -- New Delhi Overseas Office</subfield>
  </datafield>
  <datafield tag="040" ind1=" " ind2=" ">
    <subfield code="a">DLC</subfield>
    <subfield code="b">eng</subfield>
    <subfield code="e">rda</subfield>
    <subfield code="c">DLC</subfield>
    <subfield code="d">DLC</subfield>
  </datafield>
  <datafield tag="042" ind1=" " ind2=" ">
    <subfield code="a">lcode</subfield>
    <subfield code="a">pcc</subfield>
  </datafield>
  <datafield tag="043" ind1=" " ind2=" ">
    <subfield code="a">a-ii---</subfield>
  </datafield>
  <datafield tag="050" ind1="0" ind2="0">
    <subfield code="a">TN103</subfield>
    <subfield code="b">.M46 2012</subfield>
  </datafield>
  <datafield tag="111" ind1="2" ind2=" ">
    <subfield code="a">MGMI Seminar on Sustainable Development of Energy Sector: Challenges Ahead</subfield>
    <subfield code="d">(2012 :</subfield>
    <subfield code="c">Kolkata, India),</subfield>
    <subfield code="j">author.</subfield>
  </datafield>
  <datafield tag="245" ind1="1" ind2="0">
    <subfield code="a">MGMI Seminar on Sustainable Development of Energy Sector :</subfield>
    <subfield code="b">challenges ahead = Proceedings of seminar on SDES-2012.</subfield>
  </datafield>
  <datafield tag="246" ind1="3" ind2="1">
    <subfield code="a">Proceedings of seminar on SDES-2012</subfield>
  </datafield>
  <datafield tag="246" ind1="1" ind2="4">
    <subfield code="a">Proceedings SDES-2012</subfield>
  </datafield>
  <datafield tag="246" ind1="1" ind2="7">
    <subfield code="a">Sustainable development of energy sector :</subfield>
    <subfield code="b">challenges ahead</subfield>
  </datafield>
  <datafield tag="246" ind1="1" ind2=" ">
    <subfield code="i">Title on page 1:</subfield>
    <subfield code="a">Seminar on SDES-2012</subfield>
  </datafield>
  <datafield tag="264" ind1=" " ind2="1">
    <subfield code="a">Kolkata :</subfield>
    <subfield code="b">The Mining, Geological and Metallurgical Institute of India,</subfield>
    <subfield code="c">2012.</subfield>
  </datafield>
  <datafield tag="300" ind1=" " ind2=" ">
    <subfield code="a">72 pages :</subfield>
    <subfield code="b">illustrations (black and white, and color), color map ;</subfield>
    <subfield code="c">28 cm</subfield>
  </datafield>
  <datafield tag="336" ind1=" " ind2=" ">
    <subfield code="a">text</subfield>
    <subfield code="b">txt</subfield>
    <subfield code="2">rdacontent</subfield>
  </datafield>
  <datafield tag="337" ind1=" " ind2=" ">
    <subfield code="a">unmediated</subfield>
    <subfield code="b">n</subfield>
    <subfield code="2">rdamedia</subfield>
  </datafield>
  <datafield tag="338" ind1=" " ind2=" ">
    <subfield code="a">volume</subfield>
    <subfield code="b">nc</subfield>
    <subfield code="2">rdacarrier</subfield>
  </datafield>
  <datafield tag="500" ind1=" " ind2=" ">
    <subfield code="a">Contributed articles.</subfield>
  </datafield>
  <datafield tag="504" ind1=" " ind2=" ">
    <subfield code="a">Includes bibliographical references.</subfield>
  </datafield>
  <datafield tag="520" ind1=" " ind2=" ">
    <subfield code="a">Organized by Mining, Geological, and Metallurgical Institute of India, on November 17, 2012; held at Oberoi Grand, Kolkata, India; chiefly on mines and mineral resources, India.</subfield>
  </datafield>
  <datafield tag="650" ind1=" " ind2="0">
    <subfield code="a">Mines and mineral resources</subfield>
    <subfield code="z">India</subfield>
    <subfield code="v">Congresses.</subfield>
  </datafield>
  <datafield tag="650" ind1=" " ind2="0">
    <subfield code="a">Energy development</subfield>
    <subfield code="z">India</subfield>
    <subfield code="v">Congresses.</subfield>
  </datafield>
  <datafield tag="650" ind1=" " ind2="0">
    <subfield code="a">Sustainable development</subfield>
    <subfield code="z">India</subfield>
    <subfield code="v">Congresses.</subfield>
  </datafield>
  <datafield tag="710" ind1="2" ind2=" ">
    <subfield code="a">Mining, Geological, and Metallurgical Institute of India,</subfield>
    <subfield code="e">organizer,</subfield>
    <subfield code="e">publisher.</subfield>
  </datafield>
  <datafield tag="952" ind1=" " ind2=" ">
    <subfield code="a">Acquired for the Library of Congress only.</subfield>
  </datafield>
  <datafield tag="985" ind1=" " ind2=" ">
    <subfield code="e">ODE-nd</subfield>
  </datafield>
</record>