
<record>
  <leader>09027cas a2201573 i 4500</leader>
  <controlfield tag="001">21011282</controlfield>
  <controlfield tag="005">20200101075705.0</controlfield>
  <controlfield tag="006">m     o  d        </controlfield>
  <controlfield tag="007">cr un||||a|a||</controlfield>
  <controlfield tag="008">160618c19uu9999vauar   o    s0   a0eng  </controlfield>
  <datafield tag="010" ind1=" " ind2=" ">
    <subfield code="a">  2019210640</subfield>
  </datafield>
  <datafield tag="022" ind1=" " ind2=" ">
    <subfield code="l">0145-1928</subfield>
    <subfield code="y">0145-1928</subfield>
  </datafield>
  <datafield tag="035" ind1=" " ind2=" ">
    <subfield code="a">(OCoLC)ocn951856055</subfield>
  </datafield>
  <datafield tag="040" ind1=" " ind2=" ">
    <subfield code="a">OCLCE</subfield>
    <subfield code="b">eng</subfield>
    <subfield code="c">OCLCE</subfield>
    <subfield code="d">OCLCQ</subfield>
    <subfield code="d">OCLCF</subfield>
    <subfield code="d">OCLCQ</subfield>
    <subfield code="d">OCLCO</subfield>
    <subfield code="e">rda</subfield>
    <subfield code="d">DLC</subfield>
    <subfield code="e">pn</subfield>
  </datafield>
  <datafield tag="042" ind1=" " ind2=" ">
    <subfield code="a">pcc</subfield>
  </datafield>
  <datafield tag="043" ind1=" " ind2=" ">
    <subfield code="a">n-us-va</subfield>
  </datafield>
  <datafield tag="050" ind1="0" ind2="0">
    <subfield code="a">J87.V9</subfield>
  </datafield>
  <datafield tag="050" ind1=" " ind2="4">
    <subfield code="a">J87</subfield>
    <subfield code="b">.V94a</subfield>
  </datafield>
  <datafield tag="082" ind1="0" ind2="4">
    <subfield code="a">353.9/755/1</subfield>
  </datafield>
  <datafield tag="110" ind1="1" ind2=" ">
    <subfield code="a">Virginia.</subfield>
    <subfield code="b">Secretary of the Commonwealth.</subfield>
  </datafield>
  <datafield tag="245" ind1="1" ind2="0">
    <subfield code="a">Report of the Secretary of the Commonwealth to the Governor and General Assembly of Virginia.</subfield>
  </datafield>
  <datafield tag="247" ind1="0" ind2="0">
    <subfield code="a">Bi-ennial report</subfield>
    <subfield code="f">1921/23</subfield>
  </datafield>
  <datafield tag="247" ind1="0" ind2="0">
    <subfield code="a">Annual report of the Secretary of the Commonwealth ...</subfield>
    <subfield code="f">&lt;1902/03&gt;-1920/21</subfield>
  </datafield>
  <datafield tag="260" ind1=" " ind2=" ">
    <subfield code="a">Richmond</subfield>
    <subfield code="b">[publisher not identified]</subfield>
  </datafield>
  <datafield tag="300" ind1=" " ind2=" ">
    <subfield code="a">1 online resource</subfield>
  </datafield>
  <datafield tag="310" ind1=" " ind2=" ">
    <subfield code="a">Annual,</subfield>
    <subfield code="b">&lt;1902/03&gt;-1920/21, 1925/26-&lt;1929/30, 1974&gt;</subfield>
  </datafield>
  <datafield tag="321" ind1=" " ind2=" ">
    <subfield code="a">Biennial,</subfield>
    <subfield code="b">1921/23-1923/25</subfield>
  </datafield>
  <datafield tag="336" ind1=" " ind2=" ">
    <subfield code="a">text</subfield>
    <subfield code="b">txt</subfield>
    <subfield code="2">rdacontent</subfield>
  </datafield>
  <datafield tag="337" ind1=" " ind2=" ">
    <subfield code="a">computer</subfield>
    <subfield code="b">c</subfield>
    <subfield code="2">rdamedia</subfield>
  </datafield>
  <datafield tag="338" ind1=" " ind2=" ">
    <subfield code="a">online resource</subfield>
    <subfield code="b">cr</subfield>
    <subfield code="2">rdacarrier</subfield>
  </datafield>
  <datafield tag="506" ind1=" " ind2=" ">
    <subfield code="3">Use copy</subfield>
    <subfield code="f">Restrictions unspecified</subfield>
    <subfield code="5">MiAaHDL</subfield>
    <subfield code="2">star</subfield>
  </datafield>
  <datafield tag="515" ind1=" " ind2=" ">
    <subfield code="a">Report year irregular. 1923/25 covers period from Sept. 30, 1923 to June 30, 1925.</subfield>
  </datafield>
  <datafield tag="533" ind1=" " ind2=" ">
    <subfield code="a">Electronic reproduction.</subfield>
    <subfield code="b">[Place of publication not identified] :</subfield>
    <subfield code="c">HathiTrust Digital Library,</subfield>
    <subfield code="d">2010.</subfield>
    <subfield code="5">MiAaHDL</subfield>
  </datafield>
  <datafield tag="538" ind1=" " ind2=" ">
    <subfield code="a">Master and use copy. Digital master created according to Benchmark for Faithful Digital Reproductions of Monographs and Serials, Version 1. Digital Library Federation, December 2002.</subfield>
    <subfield code="u">http://purl.oclc.org/DLF/benchrepro0212</subfield>
    <subfield code="5">MiAaHDL</subfield>
  </datafield>
  <datafield tag="583" ind1="1" ind2=" ">
    <subfield code="a">digitized</subfield>
    <subfield code="c">2010</subfield>
    <subfield code="h">HathiTrust Digital Library</subfield>
    <subfield code="l">committed to preserve</subfield>
    <subfield code="5">MiAaHDL</subfield>
    <subfield code="2">pda</subfield>
  </datafield>
  <datafield tag="588" ind1=" " ind2=" ">
    <subfield code="a">Description based on: Print version record.</subfield>
  </datafield>
  <datafield tag="588" ind1=" " ind2=" ">
    <subfield code="a">Latest issue consulted: 2017/2018.</subfield>
  </datafield>
  <datafield tag="651" ind1=" " ind2="0">
    <subfield code="a">Virginia</subfield>
    <subfield code="x">Politics and government</subfield>
    <subfield code="v">Periodicals.</subfield>
  </datafield>
  <datafield tag="650" ind1=" " ind2="7">
    <subfield code="a">Politics and government</subfield>
    <subfield code="2">fast</subfield>
    <subfield code="0">(OCoLC)fst01919741</subfield>
  </datafield>
  <datafield tag="651" ind1=" " ind2="7">
    <subfield code="a">Virginia.</subfield>
    <subfield code="2">fast</subfield>
    <subfield code="0">(OCoLC)fst01204597</subfield>
  </datafield>
  <datafield tag="655" ind1=" " ind2="7">
    <subfield code="a">Periodicals.</subfield>
    <subfield code="2">fast</subfield>
    <subfield code="0">(OCoLC)fst01411641</subfield>
  </datafield>
  <datafield tag="710" ind1="1" ind2="2">
    <subfield code="a">Virginia.</subfield>
    <subfield code="b">Secretary of the Commonwealth.</subfield>
    <subfield code="t">Annual report.</subfield>
  </datafield>
  <datafield tag="710" ind1="1" ind2="2">
    <subfield code="a">Virginia.</subfield>
    <subfield code="b">Secretary of the Commonwealth.</subfield>
    <subfield code="t">Biennial report.</subfield>
  </datafield>
  <datafield tag="776" ind1="0" ind2="8">
    <subfield code="i">Print version: Virginia. Secretary of the Commonwealth.</subfield>
    <subfield code="t">Report of the Secretary of the Commonwealth to the Governor and General Assembly of Virginia</subfield>
    <subfield code="x">0145-1928</subfield>
    <subfield code="w">(DLC)   10033120</subfield>
    <subfield code="w">(OCoLC)1769171</subfield>
  </datafield>
  <datafield tag="850" ind1=" " ind2=" ">
    <subfield code="a">DLC</subfield>
  </datafield>
  <datafield tag="856" ind1="4" ind2="0">
    <subfield code="3">Library of Congress Web Archive, 2005/06- :</subfield>
    <subfield code="u">http://webarchive.loc.gov/all/2/https://www.commonwealth.virginia.gov/va-government/bluebook-reports/</subfield>
  </datafield>
  <datafield tag="859" ind1="4" ind2="0">
    <subfield code="3">Library of Congress Web Archive, 2005/06- :</subfield>
    <subfield code="u">http://webarchive.loc.gov/all/2/https://www.commonwealth.virginia.gov/va-government/bluebook-reports/</subfield>
  </datafield>
  <datafield tag="859" ind1="4" ind2="0">
    <subfield code="u">https://www.commonwealth.virginia.gov/va-government/bluebook-reports/</subfield>
  </datafield>
  <datafield tag="859" ind1="4" ind2="0">
    <subfield code="3">1905</subfield>
    <subfield code="u">http://books.google.com/books?id=-otMAAAAMAAJ</subfield>
  </datafield>
  <datafield tag="859" ind1="4" ind2="0">
    <subfield code="3">1907</subfield>
    <subfield code="u">http://books.google.com/books?id=Lo1MAAAAMAAJ</subfield>
  </datafield>
  <datafield tag="859" ind1="4" ind2="0">
    <subfield code="3">1909</subfield>
    <subfield code="u">http://books.google.com/books?id=uI1MAAAAMAAJ</subfield>
  </datafield>
  <datafield tag="859" ind1="4" ind2="0">
    <subfield code="3">1906</subfield>
    <subfield code="u">http://books.google.com/books?id=24xMAAAAMAAJ</subfield>
  </datafield>
  <datafield tag="859" ind1="4" ind2="0">
    <subfield code="3">1914</subfield>
    <subfield code="u">http://books.google.com/books?id=So9MAAAAMAAJ</subfield>
  </datafield>
  <datafield tag="859" ind1="4" ind2="0">
    <subfield code="3">1911</subfield>
    <subfield code="u">http://books.google.com/books?id=gI5MAAAAMAAJ</subfield>
  </datafield>
  <datafield tag="859" ind1="4" ind2="0">
    <subfield code="3">1918</subfield>
    <subfield code="u">http://books.google.com/books?id=ypBMAAAAMAAJ</subfield>
  </datafield>
  <datafield tag="859" ind1="4" ind2="0">
    <subfield code="3">1912</subfield>
    <subfield code="u">http://books.google.com/books?id=mo5MAAAAMAAJ</subfield>
  </datafield>
  <datafield tag="859" ind1="4" ind2="0">
    <subfield code="3">1917</subfield>
    <subfield code="u">http://books.google.com/books?id=UpBMAAAAMAAJ</subfield>
  </datafield>
  <datafield tag="859" ind1="4" ind2="0">
    <subfield code="3">1913</subfield>
    <subfield code="u">http://books.google.com/books?id=zY5MAAAAMAAJ</subfield>
  </datafield>
  <datafield tag="859" ind1="4" ind2="0">
    <subfield code="3">1915</subfield>
    <subfield code="u">http://books.google.com/books?id=vI9MAAAAMAAJ</subfield>
  </datafield>
  <datafield tag="859" ind1="4" ind2="0">
    <subfield code="3">1910</subfield>
    <subfield code="u">http://books.google.com/books?id=5Y1MAAAAMAAJ</subfield>
  </datafield>
  <datafield tag="859" ind1="4" ind2="0">
    <subfield code="3">1919</subfield>
    <subfield code="u">http://books.google.com/books?id=F5FMAAAAMAAJ</subfield>
  </datafield>
  <datafield tag="859" ind1="4" ind2="0">
    <subfield code="3">1916</subfield>
    <subfield code="u">http://books.google.com/books?id=4Y9MAAAAMAAJ</subfield>
  </datafield>
  <datafield tag="859" ind1="4" ind2="0">
    <subfield code="3">1926-1927</subfield>
    <subfield code="u">http://books.google.com/books?id=OpRMAAAAMAAJ</subfield>
  </datafield>
  <datafield tag="859" ind1="4" ind2="0">
    <subfield code="3">1924/1925</subfield>
    <subfield code="u">http://books.google.com/books?id=a5NMAAAAMAAJ</subfield>
  </datafield>
  <datafield tag="859" ind1="4" ind2="0">
    <subfield code="3">1925-1926</subfield>
    <subfield code="u">http://books.google.com/books?id=qpNMAAAAMAAJ</subfield>
  </datafield>
  <datafield tag="859" ind1="4" ind2="0">
    <subfield code="3">1920</subfield>
    <subfield code="u">http://books.google.com/books?id=XJFMAAAAMAAJ</subfield>
  </datafield>
  <datafield tag="859" ind1="4" ind2="0">
    <subfield code="3">1929-1930</subfield>
    <subfield code="u">http://books.google.com/books?id=CJVMAAAAMAAJ</subfield>
  </datafield>
  <datafield tag="859" ind1="4" ind2="0">
    <subfield code="3">1927-1928</subfield>
    <subfield code="u">http://books.google.com/books?id=k5RMAAAAMAAJ</subfield>
  </datafield>
  <datafield tag="859" ind1="4" ind2="0">
    <subfield code="3">1923</subfield>
    <subfield code="u">http://books.google.com/books?id=0pFMAAAAMAAJ</subfield>
  </datafield>
  <datafield tag="859" ind1="4" ind2="0">
    <subfield code="3">1930-1931</subfield>
    <subfield code="u">http://books.google.com/books?id=bJVMAAAAMAAJ</subfield>
  </datafield>
  <datafield tag="859" ind1="4" ind2="0">
    <subfield code="3">1934-1935</subfield>
    <subfield code="u">http://books.google.com/books?id=6ZVMAAAAMAAJ</subfield>
  </datafield>
  <datafield tag="859" ind1="4" ind2="0">
    <subfield code="3">1937-1938</subfield>
    <subfield code="u">http://books.google.com/books?id=wJZMAAAAMAAJ</subfield>
  </datafield>
  <datafield tag="859" ind1="4" ind2="0">
    <subfield code="3">1936-1937</subfield>
    <subfield code="u">http://books.google.com/books?id=b5ZMAAAAMAAJ</subfield>
  </datafield>
  <datafield tag="859" ind1="4" ind2="0">
    <subfield code="3">1939-1940</subfield>
    <subfield code="u">http://books.google.com/books?id=kpdMAAAAMAAJ</subfield>
  </datafield>
  <datafield tag="859" ind1="4" ind2="0">
    <subfield code="3">1932-1933</subfield>
    <subfield code="u">http://books.google.com/books?id=upVMAAAAMAAJ</subfield>
  </datafield>
  <datafield tag="859" ind1="4" ind2="0">
    <subfield code="3">1933-1934</subfield>
    <subfield code="u">http://books.google.com/books?id=6JVMAAAAMAAJ</subfield>
  </datafield>
  <datafield tag="859" ind1="4" ind2="0">
    <subfield code="3">1938-1939</subfield>
    <subfield code="u">http://books.google.com/books?id=5ZZMAAAAMAAJ</subfield>
  </datafield>
  <datafield tag="859" ind1="4" ind2="0">
    <subfield code="3">1943-1944</subfield>
    <subfield code="u">http://books.google.com/books?id=v5dMAAAAMAAJ</subfield>
  </datafield>
  <datafield tag="859" ind1="4" ind2="0">
    <subfield code="3">1947-1948</subfield>
    <subfield code="u">http://books.google.com/books?id=LJlMAAAAMAAJ</subfield>
  </datafield>
  <datafield tag="859" ind1="4" ind2="0">
    <subfield code="3">1945-1946</subfield>
    <subfield code="u">http://books.google.com/books?id=wJhMAAAAMAAJ</subfield>
  </datafield>
  <datafield tag="859" ind1="4" ind2="0">
    <subfield code="3">1942-1943</subfield>
    <subfield code="u">http://books.google.com/books?id=RJhMAAAAMAAJ</subfield>
  </datafield>
  <datafield tag="859" ind1="4" ind2="0">
    <subfield code="3">1946-1947</subfield>
    <subfield code="u">http://books.google.com/books?id=9ZhMAAAAMAAJ</subfield>
  </datafield>
  <datafield tag="859" ind1="4" ind2="0">
    <subfield code="3">1944-1945</subfield>
    <subfield code="u">http://books.google.com/books?id=m5hMAAAAMAAJ</subfield>
  </datafield>
  <datafield tag="859" ind1="4" ind2="0">
    <subfield code="3">1948-1949</subfield>
    <subfield code="u">http://books.google.com/books?id=SZlMAAAAMAAJ</subfield>
  </datafield>
  <datafield tag="859" ind1="4" ind2="0">
    <subfield code="3">1940-1941</subfield>
    <subfield code="u">http://books.google.com/books?id=9ZdMAAAAMAAJ</subfield>
  </datafield>
  <datafield tag="859" ind1="4" ind2="0">
    <subfield code="3">1941-1942</subfield>
    <subfield code="u">http://books.google.com/books?id=TpdMAAAAMAAJ</subfield>
  </datafield>
  <datafield tag="859" ind1="4" ind2="0">
    <subfield code="3">1969/1970</subfield>
    <subfield code="u">http://books.google.com/books?id=29y5ynZVU7AC</subfield>
  </datafield>
  <datafield tag="859" ind1="4" ind2="0">
    <subfield code="3">1967/1968</subfield>
    <subfield code="u">http://books.google.com/books?id=Q9iOetrU7QsC</subfield>
  </datafield>
  <datafield tag="859" ind1="4" ind2="0">
    <subfield code="3">1968/1969</subfield>
    <subfield code="u">http://books.google.com/books?id=Rwy2xQiXWb8C</subfield>
  </datafield>
  <datafield tag="859" ind1="4" ind2="0">
    <subfield code="3">1970/1971</subfield>
    <subfield code="u">http://books.google.com/books?id=wUElCac4efYC</subfield>
  </datafield>
  <datafield tag="859" ind1="4" ind2="0">
    <subfield code="3">Google</subfield>
    <subfield code="u">http://books.google.com/books?id=v89KAQAAMAAJ</subfield>
  </datafield>
  <datafield tag="859" ind1="4" ind2="0">
    <subfield code="3">Google</subfield>
    <subfield code="u">http://books.google.com/books?id=0c5KAQAAMAAJ</subfield>
  </datafield>
  <datafield tag="859" ind1="4" ind2="0">
    <subfield code="3">Google</subfield>
    <subfield code="u">http://books.google.com/books?id=j8pKAQAAMAAJ</subfield>
  </datafield>
  <datafield tag="859" ind1="4" ind2="0">
    <subfield code="3">Google</subfield>
    <subfield code="u">http://books.google.com/books?id=lc5KAQAAMAAJ</subfield>
  </datafield>
  <datafield tag="859" ind1="4" ind2="0">
    <subfield code="3">Google</subfield>
    <subfield code="u">http://books.google.com/books?id=wjlKAQAAMAAJ</subfield>
  </datafield>
  <datafield tag="859" ind1="4" ind2="0">
    <subfield code="3">Google</subfield>
    <subfield code="u">http://books.google.com/books?id=ENRKAQAAMAAJ</subfield>
  </datafield>
  <datafield tag="859" ind1="4" ind2="0">
    <subfield code="3">Google</subfield>
    <subfield code="u">http://books.google.com/books?id=YTlKAQAAMAAJ</subfield>
  </datafield>
  <datafield tag="859" ind1="4" ind2="0">
    <subfield code="3">Google</subfield>
    <subfield code="u">http://books.google.com/books?id=z89KAQAAMAAJ</subfield>
  </datafield>
  <datafield tag="859" ind1="4" ind2="0">
    <subfield code="3">Google</subfield>
    <subfield code="u">http://books.google.com/books?id=RDlKAQAAMAAJ</subfield>
  </datafield>
  <datafield tag="859" ind1="4" ind2="0">
    <subfield code="3">Google</subfield>
    <subfield code="u">http://books.google.com/books?id=AM9VAAAAYAAJ</subfield>
  </datafield>
  <datafield tag="859" ind1="4" ind2="0">
    <subfield code="3">Google</subfield>
    <subfield code="u">http://books.google.com/books?id=Kc9VAAAAYAAJ</subfield>
  </datafield>
  <datafield tag="859" ind1="4" ind2="0">
    <subfield code="3">Google</subfield>
    <subfield code="u">http://books.google.com/books?id=utNKAQAAMAAJ</subfield>
  </datafield>
  <datafield tag="859" ind1="4" ind2="0">
    <subfield code="3">Google</subfield>
    <subfield code="u">http://books.google.com/books?id=TThKAQAAMAAJ</subfield>
  </datafield>
  <datafield tag="859" ind1="4" ind2="0">
    <subfield code="3">Google</subfield>
    <subfield code="u">http://books.google.com/books?id=KjlKAQAAMAAJ</subfield>
  </datafield>
  <datafield tag="859" ind1="4" ind2="0">
    <subfield code="3">Google</subfield>
    <subfield code="u">http://books.google.com/books?id=jjlKAQAAMAAJ</subfield>
  </datafield>
  <datafield tag="859" ind1="4" ind2="0">
    <subfield code="3">Google</subfield>
    <subfield code="u">http://books.google.com/books?id=JdVKAQAAMAAJ</subfield>
  </datafield>
  <datafield tag="859" ind1="4" ind2="0">
    <subfield code="3">Google</subfield>
    <subfield code="u">http://books.google.com/books?id=cTlKAQAAMAAJ</subfield>
  </datafield>
  <datafield tag="859" ind1="4" ind2="0">
    <subfield code="3">Google</subfield>
    <subfield code="u">http://books.google.com/books?id=FzlKAQAAMAAJ</subfield>
  </datafield>
  <datafield tag="859" ind1="4" ind2="0">
    <subfield code="3">Google</subfield>
    <subfield code="u">http://books.google.com/books?id=QNRKAQAAMAAJ</subfield>
  </datafield>
  <datafield tag="859" ind1="4" ind2="0">
    <subfield code="3">Google</subfield>
    <subfield code="u">http://books.google.com/books?id=SjlKAQAAMAAJ</subfield>
  </datafield>
  <datafield tag="859" ind1="4" ind2="0">
    <subfield code="3">Google</subfield>
    <subfield code="u">http://books.google.com/books?id=MjhKAQAAMAAJ</subfield>
  </datafield>
  <datafield tag="859" ind1="4" ind2="0">
    <subfield code="3">Google</subfield>
    <subfield code="u">http://books.google.com/books?id=btNKAQAAMAAJ</subfield>
  </datafield>
  <datafield tag="859" ind1="4" ind2="0">
    <subfield code="3">Google</subfield>
    <subfield code="u">http://books.google.com/books?id=PdNKAQAAMAAJ</subfield>
  </datafield>
  <datafield tag="859" ind1="4" ind2="0">
    <subfield code="3">Google</subfield>
    <subfield code="u">http://books.google.com/books?id=yztKAQAAMAAJ</subfield>
  </datafield>
  <datafield tag="859" ind1="4" ind2="0">
    <subfield code="3">Google</subfield>
    <subfield code="u">http://books.google.com/books?id=JNRKAQAAMAAJ</subfield>
  </datafield>
  <datafield tag="859" ind1="4" ind2="0">
    <subfield code="3">Google</subfield>
    <subfield code="u">http://books.google.com/books?id=fDhKAQAAMAAJ</subfield>
  </datafield>
  <datafield tag="859" ind1="4" ind2="0">
    <subfield code="3">Google</subfield>
    <subfield code="u">http://books.google.com/books?id=YjlKAQAAMAAJ</subfield>
  </datafield>
  <datafield tag="859" ind1="4" ind2="0">
    <subfield code="3">Google</subfield>
    <subfield code="u">http://books.google.com/books?id=PfBKAQAAMAAJ</subfield>
  </datafield>
  <datafield tag="859" ind1="4" ind2="0">
    <subfield code="3">Google</subfield>
    <subfield code="u">http://books.google.com/books?id=gTlKAQAAMAAJ</subfield>
  </datafield>
  <datafield tag="859" ind1="4" ind2="0">
    <subfield code="3">Google</subfield>
    <subfield code="u">http://books.google.com/books?id=wzhKAQAAMAAJ</subfield>
  </datafield>
  <datafield tag="859" ind1="4" ind2="0">
    <subfield code="3">Google, 1950-1951</subfield>
    <subfield code="u">http://books.google.com/books?id=7QrOAAAAMAAJ</subfield>
  </datafield>
  <datafield tag="859" ind1="4" ind2="0">
    <subfield code="3">Google, 1953-1954</subfield>
    <subfield code="u">http://books.google.com/books?id=rAvOAAAAMAAJ</subfield>
  </datafield>
  <datafield tag="859" ind1="4" ind2="0">
    <subfield code="3">Google, 1954-1955</subfield>
    <subfield code="u">http://books.google.com/books?id=8gvOAAAAMAAJ</subfield>
  </datafield>
  <datafield tag="859" ind1="4" ind2="0">
    <subfield code="3">Google, 1952-1953</subfield>
    <subfield code="u">http://books.google.com/books?id=hQvOAAAAMAAJ</subfield>
  </datafield>
  <datafield tag="859" ind1="4" ind2="0">
    <subfield code="3">Google, 1973/1974</subfield>
    <subfield code="u">http://books.google.com/books?id=MLTQAAAAMAAJ</subfield>
  </datafield>
  <datafield tag="859" ind1="4" ind2="0">
    <subfield code="3">Google, 1972/1973</subfield>
    <subfield code="u">http://books.google.com/books?id=qKzQAAAAMAAJ</subfield>
  </datafield>
  <datafield tag="859" ind1="4" ind2="0">
    <subfield code="3">Google, 1979/1980</subfield>
    <subfield code="u">http://books.google.com/books?id=5azQAAAAMAAJ</subfield>
  </datafield>
  <datafield tag="859" ind1="4" ind2="0">
    <subfield code="3">Google, 1955-1956</subfield>
    <subfield code="u">http://books.google.com/books?id=JQvOAAAAMAAJ</subfield>
  </datafield>
  <datafield tag="859" ind1="4" ind2="0">
    <subfield code="3">Google, 1951-1952</subfield>
    <subfield code="u">http://books.google.com/books?id=WQvOAAAAMAAJ</subfield>
  </datafield>
  <datafield tag="859" ind1="4" ind2="0">
    <subfield code="3">HathiTrust Digital Library, Full view</subfield>
    <subfield code="u">http://catalog.hathitrust.org/api/volumes/oclc/1769171.html</subfield>
  </datafield>
  <datafield tag="906" ind1=" " ind2=" ">
    <subfield code="a">7</subfield>
    <subfield code="b">cbc</subfield>
    <subfield code="c">serasst</subfield>
    <subfield code="d">3</subfield>
    <subfield code="e">ncip</subfield>
    <subfield code="f">20</subfield>
    <subfield code="g">n-oclcserc</subfield>
  </datafield>
  <datafield tag="925" ind1="0" ind2=" ">
    <subfield code="a">Acquire</subfield>
    <subfield code="b">etransfer</subfield>
    <subfield code="x">policy default 2019-06-10</subfield>
  </datafield>
  <datafield tag="955" ind1=" " ind2=" ">
    <subfield code="i">hk11 2019-06-10</subfield>
  </datafield>
  <datafield tag="985" ind1=" " ind2=" ">
    <subfield code="a">LC Online Resource</subfield>
    <subfield code="d">2019-12-30</subfield>
    <subfield code="e">etransfer</subfield>
  </datafield>
</record>