
<record>
  <leader>01596cas a2200337 i 4500</leader>
  <controlfield tag="001">21348199</controlfield>
  <controlfield tag="005">20200101075711.0</controlfield>
  <controlfield tag="008">191229c20199999ts fr p       0    0ara  </controlfield>
  <datafield tag="010" ind1=" " ind2=" ">
    <subfield code="a">  2019444303</subfield>
  </datafield>
  <datafield tag="035" ind1=" " ind2=" ">
    <subfield code="a">(OCoLC)on1134146597</subfield>
  </datafield>
  <datafield tag="040" ind1=" " ind2=" ">
    <subfield code="a">DLC</subfield>
    <subfield code="b">eng</subfield>
    <subfield code="e">rda</subfield>
    <subfield code="c">DLC</subfield>
    <subfield code="d">DLC</subfield>
  </datafield>
  <datafield tag="042" ind1=" " ind2=" ">
    <subfield code="a">pcc</subfield>
  </datafield>
  <datafield tag="050" ind1="0" ind2="0">
    <subfield code="a">BP1</subfield>
    <subfield code="b">.M755</subfield>
  </datafield>
  <datafield tag="066" ind1=" " ind2=" ">
    <subfield code="c">(3</subfield>
  </datafield>
  <datafield tag="245" ind1="0" ind2="0">
    <subfield code="6">880-01</subfield>
    <subfield code="a">Mudawwanat al-dirāsāt  /</subfield>
    <subfield code="c">Ḥukūmat al-Shāriqah, al-Muntadá al-Islāmī.</subfield>
  </datafield>
  <datafield tag="264" ind1=" " ind2="1">
    <subfield code="6">880-02</subfield>
    <subfield code="a">al-Shāriqah, al-Imārāt al-ʻArabīyah al-Muttaḥidah :</subfield>
    <subfield code="b">Ḥukūmat al-Shāriqah, al-Muntadá al-Islāmī,</subfield>
    <subfield code="c">[2019]-</subfield>
  </datafield>
  <datafield tag="300" ind1=" " ind2=" ">
    <subfield code="a">volumes ;</subfield>
    <subfield code="c">24 cm</subfield>
  </datafield>
  <datafield tag="310" ind1=" " ind2=" ">
    <subfield code="a">Semiannual</subfield>
  </datafield>
  <datafield tag="336" ind1=" " ind2=" ">
    <subfield code="a">text</subfield>
    <subfield code="2">rdacontent</subfield>
  </datafield>
  <datafield tag="337" ind1=" " ind2=" ">
    <subfield code="a">unmediated</subfield>
    <subfield code="2">rdamedia</subfield>
  </datafield>
  <datafield tag="338" ind1=" " ind2=" ">
    <subfield code="a">volume</subfield>
    <subfield code="2">rdacarrier</subfield>
  </datafield>
  <datafield tag="362" ind1="0" ind2=" ">
    <subfield code="6">880-03</subfield>
    <subfield code="a">al-ʻAdad 1. (Kharīf 2019)-</subfield>
  </datafield>
  <datafield tag="500" ind1=" " ind2=" ">
    <subfield code="a">&quot;Dawrīyah niṣf sanawīyah ʻilmīyah muḥakkamah tuʻná bi-nashr al-dirāsāt al-Islāmīyah al-mutakhaṣṣiṣah.&quot;</subfield>
  </datafield>
  <datafield tag="500" ind1=" " ind2=" ">
    <subfield code="a">Title from cover.</subfield>
  </datafield>
  <datafield tag="650" ind1=" " ind2="0">
    <subfield code="a">Islam</subfield>
    <subfield code="v">Periodicals.</subfield>
  </datafield>
  <datafield tag="710" ind1="1" ind2=" ">
    <subfield code="6">880-04</subfield>
    <subfield code="a">Shāriqah (United Arab Emirates : Emirate).</subfield>
    <subfield code="b">Muntadá al-Islāmī,</subfield>
    <subfield code="e">issuing body.</subfield>
  </datafield>
  <datafield tag="850" ind1=" " ind2=" ">
    <subfield code="a">DLC</subfield>
  </datafield>
  <datafield tag="880" ind1="0" ind2="0">
    <subfield code="6">245-01/(3/r</subfield>
    <subfield code="a">مدونة الدراسات  /</subfield>
    <subfield code="c">حكومة الشارقة، المنتدى الإسلامي.</subfield>
  </datafield>
  <datafield tag="880" ind1=" " ind2="1">
    <subfield code="6">264-02/(3/r</subfield>
    <subfield code="a">الشارقة، الامارات العربية المتحدة :</subfield>
    <subfield code="b">حكومة الشارقة، المنتدى الإسلامي،</subfield>
    <subfield code="c">[2019]-</subfield>
  </datafield>
  <datafield tag="880" ind1="0" ind2=" ">
    <subfield code="6">362-03/(3/r</subfield>
    <subfield code="a">العدد 1. (خريف 2019)-</subfield>
  </datafield>
  <datafield tag="880" ind1="1" ind2=" ">
    <subfield code="6">710-04/(3/r</subfield>
    <subfield code="a">Shāriqah (United Arab Emirates : Emirate).</subfield>
    <subfield code="b">منتدى الإسلامي،</subfield>
    <subfield code="e">issuing body.</subfield>
  </datafield>
</record>